2992 5017
250 1151 302 1233 P.
345 1152 683 1237 VICTORII
727 1152 1105 1245 PRAEFA'I'IO

660 1480 699 1519 An

416 1753 588 1823 LIBROS
621 1757 940 1828 RHETORICOS.

18 2553 19 2562 ¹
142 2562 251 2632 NON
266 2558 481 2651 negligentis,
495 2566 556 2624 eut
569 2555 693 2622 laboris
713 2556 794 2646 finge
812 2562 1019 2627 commissum
1034 2567 1215 2673 estbumq.

141 2673 278 2741 nissims
299 2672 416 2754 lector,
435 2667 524 2757 quod
537 2668 572 2733 in
594 2667 746 2735 omnibus
764 2668 827 2753 bis,
848 2669 907 2757 qui
927 2670 1103 2743 Oratorem
1123 2677 1215 2747 insti»

141 2789 243 2849 tuunt
263 2777 367 2865 libris,
389 2798 494 2867 peuce
514 2774 688 2844 admodum
703 2799 724 2842 e
747 2799 800 2845 me
818 2778 978 2869 castigate
1001 2789 1087 2849 sunt.
1131 2786 1215 2857 Cum

141 2893 232 2961 enim
253 2898 368 2959 veteru
390 2884 594 2975 exemplaria
613 2908 739 2953 summo
761 2886 872 2955 studio
891 2910 930 2956 ec
953 2888 1126 2979 diligentia
1147 2917 1215 2964 non

141 3024 217 3071 mcc
229 2998 350 3085 solum,
369 2996 427 3066 sed
440 2997 540 3065 etism
553 2995 730 3065 amicorum
744 2997 936 3088 perquisita,
948 2999 1067 3070 nullibi
1082 3003 1217 3074 inventu

132 3110 282 3195 tuerint,
303 3106 382 3199 quid
396 3109 432 3175 in
452 3108 515 3173 bec
535 3128 573 3174 re
592 3106 701 3175 fucere
712 3116 772 3175 ent
784 3116 942 3196 prestare
956 3111 1074 3199 potui?
1105 3114 1215 3184 Bene·

143 3222 253 3289 dictus
265 3217 488 3308 lampridius,
506 3217 565 3305 qui
585 3238 637 3284 me
652 3217 813 3308 sinfflrleri
838 3220 980 3309 quadem
1002 3232 1126 3291 nature
1147 3248 1215 3293 sue

142 3331 306 3414 bonitate,
327 3350 394 3395 non
418 3327 499 3395 meis
521 3326 599 3393 ullis
623 3328 759 3415 meritis,
778 3327 1020 3398 incredibiliter
1040 3341 1139 3418 emet,
1164 3356 1217 3402 me

146 3442 225 3509 mibi
250 3462 318 3507 non
339 3439 483 3508 defuisse
497 3438 708 3529 gravissimus
732 3439 826 3507 testis
838 3440 915 3526 crit,
937 3440 996 3529 qui
1019 3443 1157 3529 etipse,
1181 3450 1218 3509 ut

147 3549 313 3619 desiderio
336 3571 409 3616 mco
436 3549 651 3634 satisfaceret,
674 3548 787 3636 plures
812 3550 1030 3617 bibliothecen
1051 3551 1217 3633 excussit3

145 3683 185 3727 ac
198 3684 259 3750 per
270 3660 356 3727 elios
368 3659 469 3728 etiem
489 3660 566 3727 buic
590 3657 725 3748 negotio
739 3666 834 3746 aptos
847 3660 996 3726 homines
1009 3660 1118 3745 (floret
1131 3662 1217 3731 enim

147 3770 206 3837 ille
229 3770 372 3839 amicitia
384 3770 565 3839 illustrium
586 3793 626 3837 nc
645 3770 818 3837 doctorum
832 3770 994 3850 virorum)
1017 3769 1115 3859 plura
1135 3766 1216 3859 loce,
1338 3758 1341 3766 Δ

149 3880 206 3947 nbi
218 3878 344 3970 nliqmd
355 3881 497 3971 reperiri
510 3902 606 3970 posse
626 3880 793 3969 sperabat,
807 3877 985 3968 diligenter
998 3888 1218 3968 perscrutatus

146 3998 220 4058 estc
242 4014 304 4058 nec
319 4000 431 4059 umen
451 3989 701 4080 sliquid‚,qnod
721 3988 913 4071 mediocrem
936 4011 1032 4079 opem
1055 3990 1157 4057 ullam
1172 3990 1218 4058 ei-

145 4102 260 4187 terrst,
276 4098 431 4179 invenire
445 4098 565 4189 potuit.
608 4099 697 4181 Quin
720 4098 818 4165 etism
843 4120 917 4167 eum
939 4102 1109 4189 superiore
1131 4122 1218 4166 enno
1299 4106 1307 4118 ’

146 4209 349 4279 Benedictus
362 4209 587 4298 verimodus,
607 4210 846 4277 cruditissimus
860 4232 900 4276 ec
914 4210 992 4279 mibi
1006 4208 1218 4277 amicissimus

141 4322 287 4409 juvenis,
301 4320 401 4391 officii
411 4321 579 4411 cujusdam
592 4320 700 4411 gratie
714 4343 750 4389 se
765 4318 939 4387 Petusium
952 4310 1156 4397 contulisset,
1177 4315 1219 4382 de
