2992 5017
396 293 626 354 scrronrs
650 291 690 348 aa
713 299 864 356 arnna
886 303 910 356 1.
1145 307 1231 376 275*

91 437 483 493 Dicendiautemlaeuttateer
497 435 639 490 nuiamei
673 435 1219 514 depliceminmcdiopoeilamobmitul-

92 517 182 580 dedit,
202 517 270 571 nibil
291 519 349 588 ipse
366 517 491 570 dicendo.
526 515 638 568 Etenim
674 518 756 572 timue
766 527 913 576 acuuntur.
950 521 1036 578 insu.

92 595 246 659 merebat,
257 612 292 649 ue
303 597 325 649 si
336 597 427 651 locum
442 593 552 648 dioeudi
565 594 641 646 inae-
709 597 817 654 Gleaeie
832 601 932 671 prim
948 598 1021 676 talis]
1042 601 1115 658 Ante
1130 605 1217 675 legem

88 674 176 727 nbeet
187 674 641 741 Hmseeslm‚breviratemtempo
675 675 816 732 Glauciam
823 681 857 733 de
866 683 1158 750 comperendinatione,
1168 691 1219 740 aut

88 752 126 805 ris
138 752 352 820 longamatioue
360 754 543 805 consumeret:
560 753 641 801 utae-
676 754 767 804 statim
778 760 910 812 sententia
920 759 1068 826 dicebatur,
1089 762 1112 816 si
1129 762 1219 817 absol-

87 829 516 896 cundaectioadalioejudices,
526 829 574 897 qui
584 841 641 879 cor-
676 829 781 882 rendus
804 839 874 887 essct
895 852 972 888 reus:
1002 845 1058 904 aut,
1086 839 1217 911 Amplius,

83 911 177 980 rumpi
197 913 321 978 poesesu,
341 908 479 975 aliumque
497 909 641 974 praetorem
678 908 1216 975 pronuntiabatunsirideretureasedam-

83 994 149 1058 poet
160 988 232 1041 Kal.
244 986 476 1054 iamperreniret,
486 983 641 1036 consulibus
678 981 793 1050 eandm,
811 1003 872 1040 cum
884 989 1016 1044 dixissent
1030 993 1143 1063 judices,
1154 996 1215 1051 Noa

82 1066 229 1120 tuturissa
241 1069 271 1117 et
283 1063 406 1126 Metello,
416 1061 563 1114 fautoribus
573 1061 640 1115 Ver·
676 1058 765 1131 liquet,
773 1061 823 1116 hoc
833 1069 882 1130 est,
891 1066 1003 1121 obscura
1011 1085 1092 1125 cauae
1100 1078 1148 1128 cst.
1160 1075 1217 1128 Ita·

79 1146 129 1198 rie.
171 1145 253 1198 Haec
267 1142 307 1194 ila
324 1145 397 1205 sunt,
413 1140 639 1210 quemadmodum
676 1154 775 1208 quaes
790 1157 852 1209 pars
866 1143 1022 1212 interposita
1035 1146 1158 1204 dilatione
1176 1153 1215 1206 di-

81 1225 222 1284 dicimus,
235 1221 282 1274 eed
294 1221 389 1274 Cicero
397 1221 436 1272 sic
441 1219 565 1289 proponit
573 1233 639 1287 quc-
676 1217 766 1282 nebal,
787 1219 816 1271 in
834 1218 914 1287 cujus
930 1223 1094 1289 peroratione
1110 1227 1215 1284 rideba-

81 1304 177 1354 relam
189 1299 343 1363 Hortensii,
353 1302 385 1351 ut
398 1303 428 1350 et
440 1297 548 1365 injusta,
565 1296 638 1349 etri-
674 1295 887 1353 turobecnritas.
909 1297 1216 1369 Cbmpermdiaetierere

84 1380 188 1432 dicula
206 1393 267 1430 esse
283 1377 411 1430 videatur.
445 1376 483 1430 Et
497 1380 540 1429 cst
556 1376 636 1428 ordo:
674 1373 915 1445 utriusquepartis
934 1378 1058 1430 recitatio
1079 1385 1129 1432 eat.
1163 1383 1217 1438 Alli

83 1458 177 1511 Nune
195 1473 234 1510 ne
251 1471 323 1510 novo
344 1455 516 1524 querimoniae
537 1470 636 1523 genere
673 1450 713 1503 sic
738 1453 878 1508 adnotent.
919 1455 1157 1526 Compermdiaetie
1178 1465 1218 1514 est

83 1536 130 1589 uti
139 1535 232 1603 possit
242 1534 409 1598 Hortensius,
421 1547 523 1588 morem
540 1534 579 1586 illi
589 1549 636 1602 ge-
672 1531 794 1584 monada
804 1534 884 1586 actio.
910 1533 982 1587 item
992 1537 1218 1608 comperendinatio

84 1631 155 1667 ram.
193 1613 284 1686 luere.
673 1615 714 1663 eat
729 1610 764 1664 ab
776 1612 897 1682 atrisque
909 1613 1091 1682 litigatoribus
1101 1615 1216 1672 invicem

121 1691 182 1744 isac
189 1691 339 1761 triformes
348 1687 530 1762 misdiligesu]
547 1690 636 1760 Apos-
671 1687 722 1740 sibi
732 1688 901 1745 denuntiatio
912 1693 938 1745 in
945 1692 1123 1761 perendinum
1135 1695 1216 1752 diem

84 1771 184 1840 tropina
206 1770 244 1822 ad
263 1772 351 1839 ipsum
367 1770 556 1824 Hortensium:
581 1783 636 1837 qua
672 1765 798 1836 Namque
805 1785 868 1822 cnm
875 1769 904 1823 in
911 1787 968 1824 rem
977 1771 1095 1840 aliquam
1107 1781 1218 1841 egerent

84 1849 214 1914 ostendit,
231 1865 288 1902 nou
304 1865 385 1918 posse
402 1865 432 1902 se
450 1849 511 1916 cogi
526 1849 635 1901 utiora·
671 1844 828 1913 litigatores,
851 1853 879 1901 et
898 1866 983 1919 poena
1005 1866 1034 1902 sa
1055 1855 1216 1907 sacramenti

86 1927 161 1981 done
171 1930 315 1996 perperus,
323 1927 483 1980 atomnibus
492 1926 563 1978 boris
572 1925 635 1989 uis,
672 1929 801 1991 peterent,
810 1928 1095 1997 poscebmtjudicem:
1113 1932 1216 2000 quida-

86 2003 189 2057 duolit
198 2006 249 2058 uti.
287 2006 325 2058 Et
334 2005 403 2058 mire
413 2004 635 2068 horisdixitcum
672 2001 751 2054 batur
770 2009 832 2072 post
854 2007 1018 2074 trigesimum
1042 2008 1129 2062 diem:
1159 2025 1213 2078 quc

87 2083 145 2135 dice
152 2083 208 2137 sint
214 2083 338 2153 plurimi:
350 2089 383 2136 nt
390 2083 517 2136 ostendat
526 2083 636 2136 nimiam
672 2079 744 2145 dato,
756 2081 854 2136 deiude
870 2085 978 2138 interae
996 2089 1024 2140 iu
1035 2087 1212 2156 perendinum

89 2161 268 2230 diligentiam,
280 2163 636 2216 eteaslroraadiccntisdic-
672 2158 753 2223 dmm,
771 2165 803 2214 ut
821 2162 1001 2230 adjudicium
1015 2167 1145 2232 renuent,
1164 2167 1212 2220 de·

89 2239 427 2310 tioneesmcomplendas.
443 2241 637 2309 Veteresprm
671 2237 840 2292 munemne
870 2241 1006 2304 Quocum
1015 2248 1212 2308 eseetreutum,

90 2322 161 2372 terea
170 2319 251 2373 boras
260 2320 635 2389 generaliterdiccbantmorc
671 2319 817 2383 wtequsm
830 2333 912 2370 eausa
923 2325 1062 2386 ¹ageretur,
1072 2323 1149 2390 qnasi
1166 2339 1214 2390 per

90 2395 254 2453 Graecorum.
293 2398 380 2452 lnam.
671 2392 790 2446 iudicem
799 2409 856 2447 ram
868 2397 1048 2464 exponebant.
1084 2399 1164 2462 Quod
1173 2403 1214 2469 ip·

123 2476 201 2539 ered
209 2479 279 2534 „sili
290 2478 394 2532 mm
403 2495 480 2530 mse
490 2473 573 2549 dedis]
591 2477 634 2530 De
672 2487 732 2524 snm
742 2471 883 2526 dicebatur
898 2491 981 2527 cause
992 2475 1120 2546 conjectio,
1138 2479 1214 2546 quasi

91 2559 230 2613 commodo
241 2557 352 2628 proprio
360 2557 577 2624 licetunicuique
588 2557 636 2609 de-
671 2566 762 2604 mnam
785 2565 842 2604 suae
865 2552 894 2604 in
910 2552 991 2606 breve
1014 2555 1126 2628 coactio.
1161 2559 1216 2610 Alii

90 2633 635 2705 trabereprmeertimcumindeadrcrsa-
671 2629 718 2685 sic.
763 2629 839 2683 Inter
861 2632 1169 2700 comperendinationem
1188 2640 1217 2688 at

91 2712 202 2768 riouilnil
212 2714 555 2785 poesitcesciucommodi.
587 2713 633 2766 ln.
670 2707 1215 2780 ampliationemlrcciuterest,quodccm·

123 2791 195 2848 Vici.
206 2793 290 2849 Man.
298 2793 375 2847 Grut.
385 2811 414 2846 eo
423 2791 535 2846 efflei
543 2790 635 2844 nond·
669 2787 856 2855 perendinatio
867 2803 902 2841 ex
912 2802 967 2840 uua
976 2779 1082 2842 mulum
1093 2805 1122 2842 re
1133 2789 1215 2852 daba-

94 2867 159 2924 altr,
669 2870 912 2929 tur,cumcausam
917 2865 1007 2934 judex
1018 2881 1072 2919 non
1084 2867 1216 2936 intellige·

125 2949 166 3003 Ba
174 2944 330 3024 aquaem]
338 2949 379 3003 Ut
389 2949 564 3019 questionem
574 2963 633 3017 pre·
668 2947 718 2997 rat
753 2941 793 2996 Et
803 2944 922 3009 omuino,
933 2945 956 2996 si
967 2943 1108 3000 ridebatur
1115 2943 1214 3013 judici-

69 3049 72 3054 ·
94 3029 201 3094 positam
217 3033 369 3086 infirmaret
385 3043 496 3082 caumm
514 3028 634 3097 proposi·
668 3020 720 3074 bus
734 3021 909 3088 bonacauaa,
926 3023 1102 3078 absolvebant
1118 3039 1211 3078 mum:

95 3103 169 3160 tionis
187 3111 303 3176 effinxit,
323 3124 386 3179 qum
403 3107 454 3161 esni
471 3107 632 3161 „ledonem
668 3100 780 3166 simale,
797 3116 852 3154 non
868 3103 960 3156 statim
978 3103 1152 3168 damnabant,
1164 3103 1211 3156 sed

94 3189 223 3255 propositi,
235 3186 448 3259 quamrolcbat,
456 3186 568 3238 efferret.
582 3185 632 3241 dn.
667 3181 720 3234 bac
744 3181 919 3235 excusatione
938 3183 1093 3252 parcebant.
1138 3183 1210 3236 Nam

127 3259 633 3338 Adimerisaconsperead'aetrnr]00m-
667 3275 731 3315 cnm
741 3259 940 3314 condemnandi
951 3267 1015 3316 nom
1026 3262 1129 3316 essetC
1140 3263 1212 3316 litte·

93 3343 340 3415 semidiempro
351 3342 632 3413 comperendinatione
666 3355 706 3404 ra,
716 3338 873 3392 absolvendi
890 3339 926 3403 A,
938 3341 1086 3410 ampliandi
1103 3342 1210 3408 egnum

96 3421 185 3484 imit·
219 3423 428 3486 Etestseusua3
446 3421 632 3476 Auiemrcbia
668 3417 731 3470 NL
747 3417 858 3482 dabant,
873 3433 928 3486 quo
947 3417 1210 3486 significabantNoa
1291 3461 1295 3471 .

97 3499 237 3556 molestiam
257 3502 303 3558 bis
325 3501 441 3556 dicendi.
476 3501 530 3554 Sed
549 3499 633 3570 quidt
668 3497 784 3566 liquere:
804 3495 877 3550 unde
889 3497 1026 3564 ampliatio
1041 3495 1211 3550 nascebatur.

97 3574 164 3630 dices
182 3583 247 3637 utile
265 3598 327 3636 cese
343 3581 507 3634 bisdiceret
524 3579 630 3632 etmihi
669 3575 777 3630 dacos.

98 3668 144 3722 asc
154 3657 255 3729 denego
270 3661 342 3714 banc
358 3660 518 3713 utilitatem:
536 3659 566 3712 in
577 3674 632 3729 qua
702 3651 835 3714 Jediem]
846 3651 911 3704 Dici
922 3653 1057 3706 sententia
1067 3652 1211 3708 absolutiu-

98 3745 362 3803 scemurensem,
379 3738 538 3792 nonnanes.
572 3741 631 3790 Aut
666 3731 718 3784 ub.
737 3729 1072 3799 Hocsigniticatid,quod
1080 3731 1209 3800 munitur.

98 3814 163 3867 euim
184 3818 428 3888 comperendinatio
453 3821 562 3887 psopter
585 3833 630 3870 me
667 3810 754 3864 1⁰2¹·

99 3892 185 3959 maia,
195 3901 484 3968 quampropterte,est
493 3897 629 3951 instituta:
701 3885 877 3962 citoelsclm]
893 3888 1023 3942 iudicari.
1059 3889 1144 3946 luen.

100 3973 630 4048 autnonmagispropterte,quamprcp-
699 3968 788 4052 Tarde
799 3967 974 4034 condemnari]
992 3968 1133 4039 Amplisri.
1162 3970 1210 4027 In.

100 4047 194 4105 teme.
227 4056 256 4109 Si
272 4057 345 4111 euim
362 4069 505 4108 numerum
521 4054 630 4107 dicendi
700 4047 815 4103 Acilium
826 4046 919 4120 legem]
946 4047 1029 4103 Acilii
1047 4049 1208 4118 Glabrionis,

100 4127 295 4198 marturiense
305 4151 384 4205 oequo
395 4150 436 4187 res
447 4139 507 4186 eat:
525 4133 630 4186 siordi-
664 4131 748 4197 patris
758 4127 1012 4197 bujuscepraetoris:
1025 4128 1208 4197 dequoetiam

100 4211 165 4266 Μ,
175 4221 223 4276 ego
232 4227 291 4266 sum
301 4213 373 4283 prior
383 4216 412 4265 ct
420 4211 538 4265 ultimus.
556 4211 629 4264 Nam
665 4208 838 4276 supradixit:
857 4223 921 4278 quse
933 4208 977 4261 lex
989 4223 1077 4277 neque
1088 4221 1208 4273 comper·

103 4276 173 4334 incl
193 4295 329 4344 accusator
350 4289 457 4354 dixerit,
484 4290 630 4359 respondet
665 4285 874 4351 cudinationem,
896 4303 985 4357 neque
1005 4285 1205 4354 ampliationem

102 4355 178 4418 lfiffla
194 4368 294 4422 actione
309 4368 446 4423 defensor:
475 4372 504 4421 et
522 4383 630 4422 rursum
666 4365 756 4418 babet.
792 4365 881 4420 lnasr.

104 4443 323 4503 fflmpcmndimto
341 4445 446 4516 J'ndicio
469 4445 535 4500 dicit
558 4448 630 4516 prior
701 4443 811 4497 Mittam
819 4439 1035 4504 incensitiumssd
1045 4443 1207 4504 estpemra·

105 4506 224 4580 dcimam,
241 4529 269 4576 ct
289 4526 471 4581 &landonem
498 4531 628 4594 unquam
665 4525 710 4579 bo.
744 4521 819 4575 Nam
831 4517 1052 4584 mitterejudices
1065 4514 1209 4566 inconsili.
