2992 5017
519 459 835 527 PRAEFATIO.
1142 462 1209 527 xvii

138 616 272 703 lucellis,
292 642 429 708 quorum
444 643 464 687 e
479 638 617 686 numero
628 617 804 684 laudantur
818 618 998 707 presertim
1015 618 1208 687 Orationem

136 726 191 792 rel
209 730 363 819 molyns,
385 730 440 797 vel
452 749 615 819 synopses.
657 726 811 806 Quamvis
828 736 951 809 autern,
973 728 1207 814 mortuaria,

134 838 195 902 sed
218 838 408 926 interpretis
428 844 541 927 partes
564 836 618 900 hic
638 837 824 918 sustineam,
843 838 1022 925 specimina
1041 839 1206 906 nibilomi-

134 966 197 1011 nus
211 956 394 1034 proponam
415 946 487 1032 ejas
500 943 648 1031 generis:
670 964 735 1008 uon
757 945 860 1010 multa
871 948 1016 1034 quidem,
1041 970 1082 1015 ne
1096 948 1202 1014 doctis

133 1054 271 1119 t'aatidio
295 1054 382 1133 siut3
416 1052 530 1141 aliqua
553 1062 674 1134 marea,
709 1062 745 1117 ut
780 1051 845 1116 sint
869 1054 989 1121 futuris
1017 1058 1201 1125 oratoribus

134 1164 306 1251 exempla.

180 1272 323 1339 Fulvius
336 1272 487 1357 Ursinus,
505 1274 684 1340 Romanus.
715 1273 896 1340 Veteribus
906 1274 1052 1358 nummis,
1062 1277 1200 1366 aliisquo

136 1380 171 1445 it
193 1402 308 1469 genua,
330 1382 450 1470 quibus
475 1382 673 1477 Rornaxturn
702 1385 846 1449 maxime
868 1381 1070 1466 abundabat,
1091 1406 1204 1451 monn·

133 1491 263 1567 nenas,
286 1514 358 1557 cunr
380 1492 407 1557 is
422 1488 571 1581 magnam
593 1493 803 1581 elegantioris
824 1492 983 1559 doctriua
996 1492 1125 1581 copiam
1142 1496 1204 1560 sibl

131 1610 291 1689 parasset,
314 1603 418 1670 multa
439 1604 472 1669 ia
493 1610 565 1670 toto
586 1603 745 1671 Cicerone
770 1604 942 1693 explicuit,
970 1624 1044 1694 quc
1066 1612 1204 1694 propter

131 1718 330 1777 vetustatem
343 1734 364 1777 a
378 1713 506 1779 caeteris
520 1714 766 1802 ignorabantur.

172 1821 238 1887 His
257 1821 359 1911 igitur
373 1823 417 1889 ad
433 1823 579 1912 quinque
592 1824 668 1890 illos
680 1830 704 1867 ¹⁸
715 1825 892 1914 principes,
911 1846 996 1913 quoa
1018 1832 1096 1891 ante
1114 1845 1202 1890 con·

130 1932 319 2015 memoravi,
346 1932 524 2022 adJ‘uuctis3
560 1933 778 2021 symbolarum
813 1934 989 2001 collatores
1020 1933 1137 2017 babeo,
1170 1932 1198 1998 ai

68 2120 74 2132 ι
132 2038 211 2103 bene
223 2040 369 2107 calculos
384 2040 538 2121 subduxi,
551 2044 681 2108 omuino
695 2043 843 2132 triginta,
857 2044 914 2132 qui
929 2043 1197 2132 lectoribusque

131 2156 326 2233 opacarum,
340 2151 411 2216 siue
434 2159 508 2216 meo
526 2160 657 2239 sumptu
670 2154 849 2240 prebeant.
891 2152 1073 2220 Advocabo
1086 2161 1195 2217 menen

132 2255 216 2323 alios
228 2278 381 2347 quoqu03
404 2260 462 2325 scd
476 2258 616 2347 porcina,
630 2268 665 2325 et
684 2264 778 2350 quasi
792 2262 1016 2330 subsidiarios.

170 2368 249 2435 Jam
276 2390 354 2437 vero
377 2369 509 2435 selectis
533 2371 799 2437 annotationibus
818 2392 966 2459 quaenam
989 2372 1054 2438 erit
1077 2373 1112 2437 in
1134 2372 1195 2438 bac

126 2476 273 2543 editione
286 2478 416 2564 ‚moesi
444 2479 500 2544 Au
527 2478 705 2545 fundentur
731 2500 792 2569 por
812 2480 960 2568 paginas,
988 2482 1093 2545 textui
1121 2482 1196 2547 aab*

120 2589 273 2674 junctae?
299 2588 352 2653 Aa
376 2588 533 2676 cujusque
556 2588 732 2655 voluminis
751 2597 901 2655 extrema
923 2589 958 2655 iu
983 2599 1079 2675 parte
1103 2608 1197 2677 sepo·

127 2702 272 2765 nebtnrt
299 2697 416 2763 Placet
429 2718 515 2779 nuuc
529 2697 678 2785 pluribus
692 2698 785 2786 prior
798 2698 857 2763 illu
870 2698 966 2763 ratio.
1008 2698 1057 2764 As
1071 2697 1196 2786 placuit

124 2806 232 2874 altera
245 2806 407 2890 Victoria,
420 2806 586 2889 Munatio,
601 2805 775 2891 hasbina,
789 2806 946 2873 Grutero.
990 2806 1134 2892 Placuit,
1157 2794 1195 2874 nl

124 2917 208 2981 alios
228 2916 328 2987 etiam
340 2922 587 2981 commemorem
601 2916 726 3002 magnis
746 2916 943 2985 editionibus
957 2917 1112 3006 insigues,
1125 2920 1194 2986 Pe·

123 3028 226 3111 tusio,
241 3027 425 3110 Sirmondo,
441 3026 575 3092 Huctio.
603 3025 712 3107 Quid?
728 3027 817 3115 quod
830 3009 997 3093 maluisset
1006 3028 1161 3096 Graevius
1169 3034 1196 3079 ¹⁹

123 3149 211 3205 nom
233 3149 337 3203 onam
349 3139 492 3227 instarem
505 3136 653 3202 librorum
665 3136 764 3220 rejici,
778 3136 806 3201 si
819 3136 868 3201 las
882 3135 945 3223 ipsi
960 3136 1192 3204 fuissetauimo

122 3270 184 3315 ano
197 3269 321 3315 morena
333 3268 459 3336 gerere,
481 3268 589 3334 noque
601 3246 786 3335 impositam
799 3267 822 3310 a
834 3244 1065 3333 Typograpbia
1080 3268 1190 3312 necea·

121 3360 254 3427 uitatem
268 3358 435 3425 habuisset
455 3356 616 3424 serviendi
635 3378 729 3422 norae
743 3354 984 3437 consuetudini,
1007 3376 1081 3441 qum
1100 3354 1190 3443 apud

125 3467 272 3536 llatavoe
297 3467 472 3533 inuoluit2⁰
494 3469 608 3548 irruitis,
628 3465 676 3531 ait
702 3465 772 3549 ille,
794 3468 871 3531 ciris
893 3467 1000 3531 doctis:
1042 3465 1089 3529 At
1111 3465 1192 3530 mibi

124 3600 202 3645 nae
226 3577 434 3645 lbrtnnatiori
462 3598 534 3642 esse
560 3575 708 3662 contigit,
734 3582 832 3640 nacto
858 3574 1111 3661 T'ypograpbos‚
1131 3575 1189 3662 qui

125 3696 255 3773 gustum
270 3688 413 3754 babeant
436 3686 621 3775 elegantia,
642 3693 741 3773 atqua
765 3684 955 3771 intelligant
975 3692 1131 3771 quantum
1155 3686 1189 3751 iu
1261 3777 1263 3781 ι

124 3794 302 3863 Granicus
327 3796 472 3865 editione
500 3795 644 3863 offendat
667 3794 781 3863 oculos
807 3792 893 3859 rodo
916 3790 976 3858 illa
995 3794 1187 3881 paginarum

121 3905 260 3993 species,
269 3909 456 3999 majoribus,
471 3906 648 3973 minoribns
661 3904 767 3970 literis
779 3902 919 3969 absurde
929 3904 1066 3969 ramata.
1089 3905 1187 3988 Trea,

120 4022 264 4103 quatuor
282 4016 398 4103 baem,
421 4018 448 4083 si
463 4038 527 4082 uon
546 4016 727 4103 pauciores,
748 4033 889 4101 superne
903 4014 1041 4100 occupat
1056 4012 1186 4095 Cicero,

118 4130 216 4217 cnjus
237 4129 413 4196 athabeos
431 4135 534 4193 totam
554 4124 758 4208 senteutiam,
782 4122 928 4203 evoluto,
951 4143 1049 4210 quern
1072 4121 1186 4211 appel·

211 4312 232 4343 ⁸⁸
250 4308 387 4367 Annium,
396 4310 563 4367 Victoriacum.
574 4306 707 4371 Munatium,
716 4310 856 4369 lubicen,
867 4310 997 4359 Oretana.

215 4389 235 4421 ¹⁸
252 4386 345 4435 raras.
355 4386 378 4434 ia
389 4386 462 4447 Epist.
474 4390 500 4436 ad
514 4388 591 4439 Fannii.
930 4389 949 4419 ¹⁰
966 4387 1060 4434 lbitlsn.

608 4498 725 4543 ·Ο.
