2992 5017
244 297 317 364 282
660 289 710 345 ιιι
737 282 940 344 venneto

241 436 519 509 qnneiSscpe'potant·
544 435 781 505 Sedpomspro-
814 433 865 495 tor,
884 443 939 480 non
959 427 1072 480 Verrem
1089 426 1226 480 vindicare
1240 429 1361 484 ‚mntem

229 516 341 571 'vocant
362 513 567 581 intettigendum
588 519 639 564 est.
685 511 726 562 Ut
746 510 783 563 sit
816 507 933 560 Cornelii
953 506 1126 558 dammuone
1139 505 1361 566 Philodamnsed

243 610 352 650 mneos:
371 597 517 660 pmrooaut
529 591 690 645 seinvicem.
719 589 783 642 Ma·
817 587 918 640 crimen
929 600 1008 639 suum
1016 586 1134 638 relevare
1142 585 1266 638 soluisse.
1285 584 1362 651 Quo·

239 675 344 744 juribus
353 676 442 724 antem
454 669 558 739 poculis
570 674 686 737 poscunt
696 683 713 718 a
724 667 784 734 pin·
817 681 879 718 rum
890 664 1004 717 ultorum
1014 663 1138 730 injuriam
1150 664 1222 731 pessi
1232 667 1282 728 est,
1293 662 1362 714 utte-

244 768 333 813 ccrnn,
345 750 426 803 idest
437 745 547 818 petunt:
566 751 598 799 ut
609 745 792 799 subaudietur
818 758 877 798 rum
889 742 1014 794 matesibi
1024 743 1133 795 conani.
1167 742 1275 795 Aseou.

244 831 343 884 bibero.
377 828 464 880 loen.
855 817 1254 880 Consendieoteoilixtorsitei.
1272 819 1362 873 loru.

280 910 346 975 Cep.
358 911 400 960 27.
421 905 554 968 Quorunt,
578 903 642 974 quid
661 902 786 972 pomum
854 900 955 970 Togsti
967 899 1104 952 creditores
1119 898 1283 961 Graeoorum]
1305 897 1363 949 No·

238 987 318 1059 furtu
328 986 374 1050 sit]
392 985 471 1040 Adeo
488 999 543 1035 non
560 983 657 1035 Graeco
677 981 786 1034 levitate
820 979 871 1032 tuit
882 980 971 1032 dicere
980 977 1083 1046 equites
1094 977 1242 1040 Romanos,
1258 975 1308 1028 scd
1324 981 1364 1028 to·

246 1084 289 1122 res
299 1071 382 1134 gesta
402 1068 474 1126 sunt,
490 1063 538 1115 sed
556 1062 658 1130 agitato
674 1061 786 1114 consitio
821 1064 898 1128 gatos
909 1057 988 1120 dixit,
1003 1060 1032 1109 et
1042 1055 1185 1108 creditores
1196 1055 1364 1119 Graecorum,

248 1144 484 1199 defensalibcrtas.
520 1142 626 1195 Ascort.
821 1144 853 1190 ut
872 1136 1027 1190 ostenderet
1048 1127 1143 1187 censes
1154 1133 1363 1186 Gratitioationis

283 1224 471 1276 Leoiuseorm
483 1217 626 1290 perenm]
645 1217 787 1286 Meguavi
821 1213 983 1268 invenem.
1019 1213 1106 1266 rnen.

248 1303 368 1365 oratoria,
397 1300 478 1357 etium
509 1314 618 1368 parcere
643 1301 787 1364 peccatum
857 1291 1000 1346 demumr
1010 1287 1364 1362 opponiturHiondicitse-

248 1398 306 1435 ease
316 1380 451 1443 dicebant,
462 1379 558 1446 inquit,
567 1375 631 1444 quia
642 1374 720 1426 Verri
728 1391 788 1442 per-
823 1372 904 1434 cedit,
916 1371 992 1424 seda
1009 1369 1094 1424 Verre
1113 1369 1217 1424 scilieet
1237 1368 1365 1422 subm

248 1461 368 1523 oebatur,
377 1457 424 1510 sed
436 1462 527 1510 tamen
536 1455 604 1519 teve,
615 1453 679 1521 quie
690 1453 787 1521 legato.
824 1456 876 1502 tur·
911 1447 998 1502 Iners.

249 1538 334 1591 Inest.
858 1527 904 1580 Ee
926 1525 1092 1580 octonibus
1121 1526 1366 1596 Lampsacenorum]

282 1606 789 1677 Sieistemultosoelerotionstnepuior,
826 1605 1367 1672 lithiooansegretiseinpersoneosteu·
1460 1674 1464 1687 Ι

249 1709 326 1764 msa
345 1689 389 1743 itte
409 1682 557 1756 Adrianus]
576 1685 706 1739 Cinnanis
722 1681 789 1737 teui-
825 1683 1068 1737 ditureccusantis.
1103 1683 1191 1736 Iners.
1460 1700 1466 1751 ¹,

249 1771 359 1842 poribus
370 1783 433 1819 eum
444 1767 476 1817 C.
488 1765 589 1818 Fabius
597 1764 742 1828 norimus,
759 1768 791 1816 ut
861 1762 935 1816 Utde
947 1761 1100 1816 Philodonw
1111 1760 1222 1831 emplius
1232 1764 1367 1834 pmsnti-

250 1851 296 1904 atii
307 1849 392 1909 dunt,
404 1847 520 1912 legatus,
530 1849 563 1895 ut
572 1843 616 1895 atii
627 1847 732 1911 putant,
742 1857 790 1910 pro
825 1839 926 1904 arem]
938 1840 1003 1893 Mos
1012 1844 1133 1894 retemm
1143 1841 1187 1894 hie
1197 1841 1295 1906 iuerat,
1302 1843 1368 1896 utsi

251 1931 372 1996 praetore,
389 1923 431 1976 ret
450 1927 556 1990 pretor,
567 1921 732 1990 provinciam
743 1921 789 1975 ob·
826 1920 1005 1974 absolvendus
1016 1921 1077 1988 quis
1087 1923 1167 1984 esset,
1177 1920 1269 1972 stetim
1282 1921 1369 1974 moot-

252 2005 350 2058 tine'ret
366 2001 495 2062 Atticam,
513 1998 603 2052 Uticae
622 1999 650 2050 in
666 1999 791 2067 pretorio
826 2003 949 2053 veretur:
967 1998 988 2050 si
1001 1997 1179 2065 damnandus,
1191 2001 1282 2052 statim
1294 1999 1369 2052 dom·

252 2097 303 2135 suo
311 2080 388 2132 virus
407 2083 484 2130 ustus
502 2081 552 2142 est,
572 2078 645 2146 quod
666 2081 791 2146 corrupto
826 2083 950 2131 nnretur:
969 2077 991 2128 si
1006 2092 1090 2129 cansa
1106 2092 1161 2130 non
1182 2083 1255 2130 esset
1270 2078 1370 2132 idonee

249 2157 490 2214 servitioeisitetis
504 2157 575 2208 itlius
593 2156 627 2208 de
639 2155 790 2232 principum
827 2157 863 2210 ad
874 2154 1082 2218 damnationem,
1093 2155 1197 2208 absolvi
1207 2143 1299 2210 tamen
1315 2171 1372 2209 non

222 2296 225 2301 ,
251 2254 320 2293 neoe
331 2236 495 2306 conspirasse
506 2235 648 2288 diceretur.
678 2235 732 2288 Sed
743 2251 791 2304 op-
827 2240 926 2306 posset,
936 2233 1046 2305 emptius
1057 2236 1280 2302 pronuntiaretur.
1305 2235 1352 2290 ln.

253 2325 366 2389 portuno
385 2314 612 2368 Tuttiuscansam
626 2315 790 2368 tecetittatre
863 2315 931 2383 Cep.
948 2318 991 2368 30.
1016 2313 1092 2366 Men.
1117 2313 1211 2404 tramis.
1234 2313 1262 2366 ia
1285 2314 1372 2368 attere
1478 2367 1480 2394 ,

251 2398 327 2452 necis
337 2397 365 2448 in
376 2394 504 2460 Adriano,
516 2400 545 2446 et
555 2396 666 2447 inuitam
678 2399 791 2447 mortem
828 2393 933 2446 actim.

191 2509 195 2525 .
254 2476 313 2543 ejus
332 2474 467 2528 ostendit:
486 2489 566 2542 quens
590 2472 656 2525 dicit
678 2473 792 2524 oratorie
864 2467 1370 2542 Quidegossuucs'noltersootiosseltlie

251 2569 305 2606 non
317 2553 345 2605 in
355 2552 478 2621 hospitio,
490 2551 538 2603 sed
549 2551 624 2604 domi
633 2566 690 2602 sune
700 2551 792 2602 vivum
829 2554 947 2619 apparet,
958 2549 1040 2602 etiam
1059 2548 1088 2601 in
1108 2548 1307 2617 amplificatione
1323 2553 1367 2604 sie

253 2636 411 2684 crematum.
447 2631 485 2683 Et
495 2628 547 2694 ille,
559 2630 597 2682 sio
614 2629 691 2694 dixit,
706 2633 739 2680 ut
760 2628 793 2680 do
829 2629 940 2680 atteram
963 2627 1095 2680 actionem
1114 2627 1174 2692 dici,
1193 2629 1368 2695 quemadmo-

254 2712 393 2764 notissimo
401 2710 535 2763 rideretur
546 2708 628 2776 ioqui.
663 2707 748 2759 Inest.
830 2706 934 2760 demin
944 2705 1232 2773 comperendinatione.
1249 2705 1335 2760 Inest.

289 2790 407 2856 Cap.2tt.
427 2788 557 2840 Ascensus
566 2784 794 2847 Neroniietecon-
865 2781 1064 2836 OnDotobclln
1074 2782 1211 2852 spiritui]
1230 2784 1302 2862 Plus(
1317 2787 1373 2855 sig-

172 2858 175 2866 ’
255 2885 306 2920 sus.
315 2883 411 2919 nomen
419 2873 461 2918 cst
467 2866 575 2926 ordinis,
585 2870 613 2924 et
623 2864 795 2933 promotionis
830 2863 922 2915 nificat
930 2861 1045 2914 dicendo
1057 2862 1173 2928 spiritns,
1185 2871 1270 2931 qutun
1281 2863 1304 2918 si
1316 2867 1375 2918 aui-

255 2947 283 2998 in
292 2945 397 3006 militia,
408 2950 440 2996 ut
456 2959 530 2996 nnnc
548 2942 646 2995 dicitur
662 2944 796 3011 princepe,
831 2937 982 2993 mositutem
1003 2941 1242 2995 contentionemre
1264 2943 1375 2998 diceret.
1480 2999 1481 3004 ,

250 3013 299 3074 'vet
311 3021 566 3076 commentariensis.
583 3027 631 3072 aut
648 3023 796 3074 corniculo·
831 3018 917 3072 lours.

211 3111 215 3117 ·
256 3101 319 3152 rins.
339 3096 798 3176 Hseeenimnominedotegionarie
866 3095 963 3150 Lamb.
981 3097 1156 3150 concesium

259 3178 547 3243 mititiesnmptasunt.
583 3175 669 3228 loeis.
867 3176 925 3229 Pes·
931 3175 1173 3247 pnucissnstentiis]
1196 3177 1249 3230 Per
1260 3179 1375 3232 nimium

292 3253 481 3325 interpellavit]
500 3255 683 3322 Interpellare,
690 3257 731 3306 est
741 3269 798 3307 rne-
812 3259 818 3292 t
832 3256 927 3323 paucis
938 3257 1079 3308 sententiis
1093 3271 1155 3309 eum
1175 3257 1248 3310 dixit
1265 3257 1378 3312 demna-

255 3333 590 3388 diarnalteriusorutionem
595 3332 798 3402 interrumpere,
833 3339 900 3400 tum,
912 3334 1155 3387 utostenderetvix
1167 3350 1270 3403 paucos
1281 3337 1378 3390 iuren-

254 3415 298 3468 rel
319 3413 418 3466 notioni
435 3429 464 3465 se
488 3414 598 3468 alterius
620 3409 796 3481 interponere.
833 3418 883 3478 tos,
892 3413 981 3484 quiad
993 3413 1200 3482 opprimendum
1210 3429 1375 3468 eumnume-

258 3495 380 3563 Apparet
395 3510 459 3562 ergo
480 3492 665 3556 Hortensium,
675 3493 798 3560 quamuis
832 3507 892 3545 rum
904 3493 1083 3546 dmnnationis
1093 3494 1237 3562 implerent
1245 3497 1305 3563 post
1316 3511 1377 3548 am·

257 3572 304 3625 diu
315 3573 484 3642 nuntiumque
495 3572 618 3634 tacuerit,
629 3571 751 3623 'l'ertium
770 3570 798 3622 in
832 3571 995 3641 ptiationem.
1031 3571 1118 3625 loru.

259 3653 348 3705 medio
359 3652 512 3704 testimonio
522 3651 716 3719 perstrinxisse,
725 3649 798 3718 quod
869 3649 1002 3705 Idoireosse
1022 3651 1167 3718 exercituin,
1183 3661 1260 3722 utque
1280 3651 1379 3706 Ιωιιειιι

259 3731 360 3783 diceret
386 3731 572 3784 Philodamum
603 3730 672 3783 adeo
698 3729 798 3781 matam
834 3728 1019 3800 relinquebat]
1047 3729 1134 3782 Recte
1157 3729 1243 3784 dixit:
1274 3731 1378 3801 betium

260 3825 369 3862 censoru
394 3810 527 3872 habuiese,
550 3814 582 3862 ut
600 3827 617 3863 a
632 3810 682 3861 Cn.
690 3807 798 3862 Nerone
834 3808 1378 3877 eninraDotabeltegeretssturinCitioia.

260 3887 403 3940 damnatus
415 3890 458 3941 sit.
494 3889 581 3941 loru.
834 3887 940 3942 Ascou.

296 3965 597 4036 Putosscaonoporsere]
616 3963 799 4033 Reprehensio
867 3965 1003 4019 Sedenom
1010 3963 1144 4036 spoliatum
1151 3965 1271 4030 auxiliis]
1292 3967 1378 4019 Auxi-

256 4042 374 4113 judicati
386 4044 420 4095 ab
431 4059 465 4096 ce
477 4049 561 4112 perte,
572 4059 627 4112 qno
645 4057 734 4095 causae
753 4041 799 4096 de-
835 4046 877 4098 tiis
899 4060 947 4113 pro
968 4043 1077 4110 auritio,
1098 4045 1241 4112 questoris
1263 4045 1376 4098 scilieet.

258 4123 352 4180 stratio
362 4121 434 4186 tecit,
442 4138 477 4174 ne
485 4123 560 4174 nobis
566 4122 691 4189 judicate
701 4121 799 4174 obsint.
835 4125 893 4176 Ant
915 4122 1022 4175 auxiliis
1043 4121 1128 4189 ipsius
1150 4123 1289 4191 pecuniae,
1315 4114 1377 4192 riute

259 4203 322 4255 Non
334 4199 406 4252 onim
417 4215 526 4252 oensem
545 4200 637 4252 Verris
655 4198 798 4252 relevatam
836 4201 1013 4255 evertebatur.
1027 4231 1031 4241 ·
1048 4201 1093 4254 Sic
1106 4201 1253 4269 Virgilius:
1274 4200 1381 4256 Auiti-

258 4295 326 4344 esso,
347 4278 394 4331 sed
412 4277 472 4330 iilos
489 4278 639 4341 damnatos,
650 4278 722 4346 quod
734 4293 801 4346 quo-
835 4297 926 4349 umqrse
949 4280 998 4332 sia
1027 4289 1122 4333 ueteres
1147 4277 1238 4333 tellure
1270 4277 1380 4334 recludit

225 4380 228 4385 ’
258 4375 312 4428 qno
336 4358 415 4411 modo
435 4359 556 4412 occisum
583 4359 717 4412 hominem
740 4375 799 4413 esso
836 4357 992 4412 Thesauros.
1028 4359 1115 4412 Iners.

259 4443 400 4492 constaret.
435 4438 521 4492 loeis.
870 4437 917 4491 Ad
927 4437 1040 4509 taimen
1050 4435 1116 4504 tuot]
1125 4436 1318 4505 nocentem,
1327 4439 1382 4492 sei-

258 4519 263 4528 '
293 4511 415 4587 capae.
428 4516 571 4574 Pertimuit
583 4513 642 4579 iste]
661 4517 800 4572 Mirooru·
835 4515 899 4569 lieet
910 4512 1050 4570 Scaurum.
