2992 5017
283 281 359 363 ott
589 353 592 358 ,
643 285 991 352 arauaorcuns

280 423 1383 507 compositis,iuilclnonpossetlecitdylls‚·qulcumlnrrslssetltempubtiesss,¹

281 509 396 564 trlbunis
405 522 486 560 omne
493 506 540 575 jus
550 507 641 576 legum
652 507 821 562 lerendsr'um
833 507 945 562 ademit.
980 505 1023 560 Bc
1039 505 1161 569 manlio,
1176 504 1316 559 urbemn
1328 523 1364 559 ae

279 587 443 643 sedidonum
453 586 582 639 extinctos
592 589 657 640 suut
667 585 749 651 tsces,
760 601 823 656 qum
834 589 927 640 umen
937 583 1011 653 sylis
1021 585 1128 637 mortuo
1138 597 1210 636 amre
1225 585 1288 648 ere,
1308 589 1365 637 sta·

279 665 331 719 tim
340 665 470 728 retinere,
480 663 629 733 cumplebs
637 664 689 718 niti
696 664 968 734 coepitnttrlbuuitis
976 665 1097 732 potestss
1106 659 1365 730 inmteqrumresti-

279 745 409 796 tueretur.
442 741 501 795 nes
520 741 573 796 tuit
591 757 640 810 per
655 741 757 795 multos
778 757 864 797 runos
880 743 986 812 maguis
1005 739 1226 794 contentionibus
1242 738 1362 807 jsctsts:

280 819 436 874 oonsulibus
453 822 562 873 sbeoue
577 819 719 874 menbbus
734 821 1018 884 constes-consultum,
1029 833 1084 888 qno
1095 821 1158 871 ecta
1174 817 1256 885 Syllm
1268 817 1363 870 contir-

279 898 436 963 msbantur3
452 898 532 967 plebe
539 913 603 951 vero
613 913 720 952 summa
733 899 761 952 vi
771 903 918 968 pugnante,
929 913 972 962 ne,
989 895 1104 967 spolieta
1113 895 1240 964 pmstdio
1250 895 1362 949 tribuni-

279 977 329 1042 tio,
337 977 491 1047 potentium
497 976 602 1030 libidini
613 976 798 1044 subjiceretur.
831 975 936 1032 Setini.
935 973 1085 1047 fragm.
1092 971 1136 1026 lib.
1142 972 1197 1028 111.
1210 979 1236 1029 6.

314 1059 342 1111 6.
356 1053 480 1108 Tandem
491 1069 563 1108 enno
575 1059 638 1121 666,
648 1057 726 1108 ωηο
735 1053 840 1126 impetu
850 1055 926 1125 plebs
935 1057 1026 1108 ooortn
1036 1056 1078 1107 est
1087 1053 1117 1106 in
1126 1053 1228 1120 Patres,
1239 1055 1274 1106 ut
1282 1052 1362 1106 ursli-

280 1132 464 1202 nerismplius
472 1147 527 1186 nou
535 1137 634 1202 posset
667 1131 767 1202 ltsque
784 1134 907 1188 consules
924 1131 984 1200 ejus
1002 1132 1065 1186 suni
1085 1130 1118 1184 (l.
1132 1130 1251 1197 emotus,
1272 1135 1302 1184 et
1317 1129 1359 1185 nt
1474 1183 1475 1188 ,

279 1209 424 1264 Terentius
441 1210 583 1275 Lucullus,
594 1213 627 1264 ut
636 1209 743 1279 plebem
752 1209 908 1277 delinirem
926 1216 955 1265 et
963 1215 995 1264 ut
1009 1225 1068 1264 rem
1078 1209 1211 1278 integram
1221 1209 1250 1262 in
1261 1209 1361 1264 adren-
1474 1241 1475 1260 ι

279 1289 480 1360 tumPompcii,
495 1289 543 1360 qui
559 1293 618 1344 tum
634 1289 663 1342 ln
681 1288 925 1359 Hisponisbellum
936 1303 1000 1342 eum
1010 1287 1126 1340 Sertorio
1141 1285 1262 1355 gerebat,
1273 1287 1297 1339 si
1307 1301 1360 1355 qus

277 1370 398 1440 possent,
416 1367 567 1435 rejicerent,
584 1366 787 1420 frumentorium
804 1367 1003 1436 leqemtulere:
1020 1380 1076 1435 quo
1086 1363 1274 1418 blaudimento
1284 1365 1361 1434 plebs

278 1447 555 1518 quletcmegltusque
566 1445 602 1500 sd
613 1459 715 1499 annu
726 1450 788 1511 686,
800 1462 855 1516 quo
865 1459 936 1498 suno
947 1443 1092 1513 Pompeius
1100 1445 1129 1496 et
1137 1441 1252 1496 crassus
1262 1457 1359 1495 consu·
1474 1473 1475 1480 κ

278 1527 330 1593 tes,
346 1526 513 1580 tribunitiam
531 1527 692 1593 potestatem
708 1525 738 1577 iu
753 1525 889 1592 integrum
899 1521 1082 1574 restituerunt.
1115 1519 1187 1574 Hmc
1204 1519 1358 1574 cstillslcx

277 1601 520 1666 Terentia-Gumis,
537 1615 620 1671 qoam
640 1601 736 1654 Cicero
753 1601 839 1654 altero
849 1601 993 1654 contentus
1002 1600 1120 1665 nomine,
1137 1597 1301 1669 quandoque
1311 1597 1349 1652 Te

277 1683 486 1737 mtmoest.
518 1678 822 1734 Frumentariamluisse
832 1677 989 1746 intelligitur
1008 1691 1045 1730 ex
1062 1675 1159 1730 eodem
1172 1677 1314 1745 Cicerone,
1331 1677 1358 1729 is
1474 1667 1475 1672 '

281 1759 359 1814 Vm.
376 1757 400 1812 l.
418 1761 464 1813 66.
498 1756 542 1810 Es
556 1755 617 1826 lege
638 1758 724 1813 Siculi
739 1756 804 1811 dare
821 1756 983 1810 enebmtm
998 1755 1123 1824 impersti
1146 1755 1230 1809 tritici
1252 1756 1358 1809 nomino

278 1837 436 1987 m?
445 1835 530 1890 millis
539 1836 669 1902 modium,
677 1853 727 1908 pro
739 1836 838 1908 quibus
848 1835 984 1891 sestertios
994 1837 1138 1904 quaternos
1148 1833 1177 1888 iu
1185 1833 1309 1890 modium
1316 1851 1358 1889 sc·

312 1990 678 2062 'remmono-ntegra
685 1991 935 2062 uominoappellsri
953 1989 1053 2045 debere
1071 1991 1154 2060 ueqst
1175 1989 1356 2060 Hotomanus,
1474 1999 1475 2004 ’

277 2073 308 2127 et
317 2085 381 2125 com
389 2085 423 2124 co
433 2069 507 2124 docti
515 2071 650 2135 nonnulll;
667 2073 723 2142 qui,
732 2073 799 2142 quis
812 2069 847 2124 sit
855 2069 890 2123 dc
900 2069 1035 2123 uumemo
1045 2083 1081 2122 ex
1091 2069 1149 2122 sols
1159 2069 1254 2124 Sicilia
1265 2087 1357 2140 expor-

276 2145 1128 2221 ondoprieltegteuuonbgmppeuutdebereeonrendont
1153 2147 1357 2203 Affirmstticu-

277 2231 402 2284 onem:
419 2243 475 2281 non
490 2229 563 2282 enim
581 2226 616 2282 de
633 2229 691 2283 solo
705 2229 840 2282 frumento
855 2225 947 2280 Siculo
963 2225 1047 2279 lotam
1065 2226 1154 2295 legem
1169 2231 1250 2296 putat
1267 2229 1356 2282 tuisse.

276 2305 348 2373 imo,
357 2306 455 2377 inquit,
466 2305 532 2360 illud
543 2306 578 2359 de
588 2306 681 2360 Siculo
690 2307 834 2372 frumento,
840 2321 927 2360 unum
938 2308 1022 2376 eaput
1032 2305 1100 2374 legis
1110 2305 1171 2370 tuit,
1182 2321 1237 2374 qna
1243 2315 1356 2361 cautum

276 2389 409 2457 proteres
422 2387 473 2450 est,
490 2383 537 2455 qul
551 2399 679 2439 numerus
695 2384 831 2452 frumenti,
849 2387 878 2437 et
897 2384 991 2455 quanti
1009 2387 1082 2436 esset
1096 2385 1126 2437 in
1143 2383 1356 2454 sliisprcvinciis

276 2465 417 2519 emendus.
434 2461 473 2517 Et
483 2479 547 2517 sane
556 2462 720 2517 trumentum
729 2465 851 2532 emptum
861 2463 970 2520 aliunde
980 2461 1106 2533 oportuit.
1128 2463 1354 2531 Quandoquidem

276 2541 485 2597 illsmodiorum
501 2541 585 2596 Siculi
596 2541 721 2595 menti
731 2541 888 2608 octingenta
899 2541 982 2594 millis
999 2539 1081 2593 trium
1098 2541 1227 2594 meusium
1244 2541 1353 2595 cibariis

276 2636 333 2676 non
343 2621 408 2674 sotis
416 2636 476 2674 esse
486 2625 618 2690 poteraut,
629 2621 670 2673 uti
679 2619 750 2673 intro
760 2616 948 2673 declarabitur.
981 2617 1041 2673 Nisi
1051 2619 1119 2672 torte
1127 2623 1222 2689 praeter
1231 2623 1353 2690 emptum

276 2699 449 2764 tomentum
460 2703 564 2769 portem
574 2697 656 2751 etism
665 2696 808 2751 decumani
819 2695 987 2751 distributam
996 2695 1068 2766 plebi
1077 2697 1159 2751 luime
1169 2697 1281 2752 dixeris:
1298 2715 1355 2772 qm

277 2777 314 2832 tle
323 2793 353 2830 re
364 2776 430 2831 nibil
441 2776 529 2830 babeo
540 2775 614 2847 quod
625 2775 761 2830 ollirmem.

312 2855 416 2925 Iegem
425 2853 582 2909 Terentiam
593 2861 768 2924 precesserat
777 2851 832 2907 sire
847 2852 993 2921 mensibus,
1010 2855 1067 2908 sire
1079 2853 1156 2907 annis
1168 2853 1281 2924 aliquot,
1290 2855 1357 2911 mibi

277 2933 351 2988 enim
371 2947 427 2986 non
443 2931 539 3002 liquet,
549 2933 827 2987 senatus-consultum·
838 2931 869 2985 dc
886 2929 975 2985 alteris
989 2933 1108 2997 domnis,
1124 2934 1199 3002 quod
1210 2933 1250 2987 sie
1261 2935 1357 2990 babet:

276 3010 375 3064 Omnis
385 3025 449 3078 ager
458 3009 557 3064 Sicilire
573 3010 740 3064 decumanus
754 3009 812 3077 jem
824 3014 887 3063 ante
897 3010 1037 3080 imperium
1048 3011 1141 3080 populi
1156 3012 1275 3067 Romani
1288 3015 1357 3085 ipsc·

276 3099 339 3143 rum
351 3087 503 3140 Siculorum
519 3087 673 3153 voluntste;
693 3092 722 3141 et
736 3088 866 3142 institutis
881 3087 976 3155 irrorat,
992 3089 1050 3143 Cic.
1060 3090 1088 3143 is
1101 3088 1253 3146 Verr.1.6.
1275 3093 1356 3146 Cum-

276 3179 332 3236 que
344 3179 440 3234 sqrum
455 3163 532 3218 illum
544 3164 653 3219 lecisset
665 3165 779 3220 victorie
794 3167 934 3235 publicum
951 3167 1045 3238 populi
1062 3168 1188 3234 Romani,
1205 3169 1356 3226 Siculisest

276 3242 407 3309 redditus,
416 3242 457 3296 its
467 3245 567 3310 lamen,
577 3248 618 3310 ut,
624 3248 725 3313 prmter
730 3249 834 3315 septem
844 3246 993 3311 eititstum,
1004 3245 1098 3299 eadem
1110 3247 1267 3303 conditione
1278 3257 1355 3318 esset,

276 3337 334 3394 qus
344 3326 426 3377 tutes
430 3321 534 3386 luesut3
549 3321 578 3376 id
589 3326 640 3389 est,
649 3324 683 3377 ut
692 3322 821 3377 decumas
829 3325 959 3394 gratuitas
970 3324 1107 3394 penderet,
1119 3339 1182 3390 uon,
1194 3331 1226 3380 ut
1232 3329 1305 3395 obm,
1314 3347 1355 3383 re·

275 3401 356 3472 gibus
366 3401 431 3470 suis,
442 3399 489 3470 qni
498 3401 566 3469 nulli
579 3399 638 3469 jem
648 3406 732 3470 eruin,
742 3403 792 3456 sed
804 3402 982 3472 Reipublicae.
1018 3401 1072 3457 Hae
1089 3406 1153 3457 sunt
1168 3405 1263 3472 primae
1275 3407 1354 3460 deeu-

276 3495 339 3550 mre,
352 3497 443 3552 ques
457 3479 588 3534 Cicerone
596 3481 772 3551 sppcllsntur.
807 3479 879 3534 Cum
895 3497 959 3535 vero
975 3495 1090 3534 nnnousc
1108 3479 1266 3537 dillioultote
1283 3485 1353 3540 Urbs
1472 3501 1473 3504 ¹

273 3563 449 3630 premeretur,
466 3561 577 3612 sonstus
596 3559 706 3613 decreto
725 3559 809 3616 siculi
829 3563 936 3614 tautum
952 3557 1078 3614 tumenti
1098 3559 1162 3613 dare
1176 3562 1267 3617 coacti
1283 3568 1353 3633 mut,

275 3641 408 3708 qonutum
418 3653 454 3692 ex
464 3636 558 3708 primis
565 3637 688 3692 decumis
695 3637 799 3693 luisset.

310 3715 366 3771 lise
378 3720 442 3771 sont
451 3718 541 3771 slterae
550 3715 682 3783 decernor,
693 3733 755 3787 qum
771 3731 826 3770 non
843 3717 921 3768 erant
932 3715 1024 3770 tamen
1040 3715 1173 3785 gntulln,
1190 3717 1233 3771 uti
1243 3719 1352 3789 prime:

274 3807 339 3848 omn
351 3795 468 3863 pretium
484 3795 527 3848 bis
544 3794 666 3849 decumis
683 3795 862 3849 constitutum
874 3797 932 3847 erat
945 3793 975 3848 in
985 3793 1089 3848 modios
1104 3794 1224 3866 siuqulos
1240 3801 1351 3853 sestertii

274 3871 353 3939 terni,
369 3873 417 3942 qui
436 3872 583 3927 motoribns
598 3874 820 3942 persolverentur.
847 3869 969 3925 cicilie
979 3888 1035 3944 cop.
1045 3875 1089 3926 66.
1124 3871 1264 3929 Ceterum
1279 3877 1351 3931 vide-

273 3951 321 4003 tur
330 3953 440 4004 senatus
449 3964 513 4017 non,
523 3949 576 4004 uisi
585 3951 751 4020 temporibus
762 3949 931 4021 Reipublicae
942 3956 1089 4019 cogeretur,
1106 3951 1258 4008 decrevisse
1269 3961 1301 4010 ut
1315 3957 1350 4010 sl·

273 4029 341 4081 tens
357 4026 481 4081 decumus
487 4028 667 4098 exigerentur.
684 4028 754 4083 Ibit
766 4047 821 4101 esp.
831 4032 872 4083 16.
906 4027 1014 4083 Nollem
1026 4029 1076 4083 boo
1084 4029 1119 4083 de
1130 4029 1221 4086 alteris
1232 4033 1349 4087 decumis

184 4109 187 4113 '
272 4106 548 4162 semtumnsultum
559 4105 693 4160 omisisset
706 4107 788 4162 Vino.
800 4107 976 4176 Conurenus,
993 4109 1105 4179 scriptor
1118 4109 1239 4182 alioquin
1254 4113 1284 4168 iu
1300 4113 1349 4167 boc

178 4201 182 4216 ·
272 4186 433 4254 argumento
442 4183 700 4258 deretrumentsris
708 4201 762 4239 nou
771 4185 899 4247 mediocri
907 4186 1048 4257 diligentia
1058 4191 1187 4243 versatus.
1471 4187 1472 4210 ¹

189 4254 194 4265 ¹
306 4267 334 4320 6.
350 4262 455 4332 Legem
468 4261 624 4316 Terentism
632 4268 693 4333 post
704 4264 809 4335 aliquot
819 4279 912 4330 sucos,
923 4265 953 4320 id
963 4269 1014 4336 est,
1026 4281 1097 4320 auno
1107 4269 1169 4333 691,
1186 4271 1296 4340 excepit
1310 4283 1349 4323 sc-

271 4345 353 4398 notus
369 4341 524 4397 consultum
540 4341 733 4408 Ostouisnnm3
750 4344 789 4397 sio
806 4341 919 4410 dictum,
939 4344 1005 4414 quis
1019 4344 1121 4398 mbsm
1136 4348 1178 4398 est
1194 4345 1224 4400 ln
1241 4347 1348 4402 cetenis

270 4423 441 4501 seubntlsm.
474 4421 671 4476 tussitrlrille
685 4422 721 4474 sd
739 4419 915 4476 distrnbauds
930 4423 1082 4492 perniciose
1097 4423 1212 4478 cesaris
1230 4425 1346 4492 conclis,

272 4505 313 4570 bt,
326 4499 621 4574 qusudcsuperioribos
630 4500 708 4558 cunis
717 4499 899 4558 numerario
910 4500 1056 4572 largitionis
1071 4499 1202 4560 bonololo
1219 4501 1345 4562 &sonmo
