2992 5017
276 454 343 522 94,
614 457 648 511 G.
672 456 700 510 J.
723 454 928 521 voss1US‚
951 456 999 509 &a

251 610 259 622 ‘
277 596 391 662 rhetor
404 597 540 682 Seneca,
554 620 593 664 ac
606 600 754 667 meminit
767 622 898 689 quoque
918 601 989 689 ejus
1009 606 1124 665 auctor
1140 598 1274 689 Dialogi
1297 600 1343 667 de

278 706 384 771 musis
410 718 572 797 corrupte
604 709 821 797 eloquentie:
854 709 1004 777 Gallioni
1031 708 1162 798 quidem
1194 709 1343 777 disertius

277 816 395 882 tribuit
405 818 521 887 Julius
533 819 681 908 Scaliger
693 820 852 886 Oratione
866 842 927 908 pro
941 820 1101 885 Cicerone
1114 828 1227 885 contra
1241 820 1342 885 Eras-

279 950 379 1012 mum,
393 936 427 994 et
449 929 508 997 lib.
524 932 590 999 III.
614 930 655 997 de
679 953 714 997 re
735 926 873 997 Poeticn
893 952 964 1019 cap.
977 931 1029 995 31.
1044 938 1078 1005 et
1090 932 1142 995 36.
1184 930 1340 1018 Denique

279 1038 538 1106 Nascimbrauius
558 1042 592 1106 in
614 1039 701 1107 libro
720 1040 770 1107 II.
813 1040 882 1106 Ci'c.
897 1038 938 1105 de
961 1040 1155 1107 inventione
1176 1040 1258 1123 vult,
1279 1050 1342 1107 aut

279 1147 447 1215 Ciceronis
470 1150 573 1216 filium
593 1159 760 1217 auctorem
785 1171 866 1233 esse,
886 1156 944 1213 aut
962 1142 1126 1215 Lsureem
1149 1152 1220 1239 ejus
1242 1151 1341 1218 liber-

278 1265 369 1336 tum3
392 1258 447 1347 qui
462 1261 579 1350 etipse
593 1261 712 1327 Cicero
732 1262 919 1342 vocabatur,
933 1256 1060 1349 'eosque
1081 1259 1181 1326 libros
1196 1262 1340 1329 scribere

277 1368 397 1455 putuit,
411 1378 449 1434 ut
461 1370 634 1456 perficeret
647 1371 950 1461 pretorianorum,
967 1372 1060 1457 cujus
1074 1378 1200 1457 partem
1212 1380 1338 1438 tantum

275 1484 435 1543 tractarat
453 1478 571 1545 Cicero
592 1480 627 1543 in
649 1478 788 1564 duobus,
811 1487 850 1561 ut
872 1480 929 1563 ait,
953 1478 994 1545 dc
1016 1480 1211 1547 Inventione
1235 1480 1341 1549 libris.

276 1588 319 1655 In
340 1588 403 1653 huc
415 1587 571 1673 dissensu,
592 1609 651 1654 uos
675 1588 716 1655 iis
734 1590 927 1673 accedimus,
949 1591 1006 1677 qui
1020 1590 1190 1657 Cornificii
1204 1614 1273 1657 esse
1287 1614 1343 1657 ar-

275 1697 459 1763 bitrantur:
481 1696 581 1785 idque
603 1698 644 1764 iis
666 1698 838 1787 compulsi,
859 1722 933 1787 quae
954 1723 975 1765 a
996 1689 1187 1769 Riccbbono
1208 1708 1241 1767 ct
1261 1702 1340 1766 aliis

274 1809 492 1877 adducuntur.
537 1810 604 1877 Sed
630 1812 702 1900 quis
729 1813 793 1879 iste
816 1806 1030 1881 Cornificius?
1050 1836 1128 1881 num
1151 1812 1193 1879 L.
1219 1810 1349 1895 Cerni-¹

276 1920 378 2006 licius,
398 1922 457 2011 qui
481 1922 621 1991 Caesaris
636 1924 792 2007 'Quaestor
806 1924 971 1991 suitbello
985 1924 1086 2007 civili,
1108 1932 1142 1991 et
1163 1943 1223 2011 pro
1244 1922 1339 1987 Prae-
1425 1912 1428 1917 ¹

276 2037 350 2098 tore
364 2032 478 2101 ιιιίιιιιι
490 2033 524 2098 iu
541 2031 720 2117 Illyricum,
733 2041 819 2101 teste
833 2033 964 2101 Caeeare
978 2033 1034 2101 lib.
1053 2034 1113 2119 lv,
1128 2034 1250 2124 quique
1263 2032 1338 2099 Ca·

275 2164 349 2207 sure
360 2144 557 2230 interempto
575 2150 684 2231 partes
699 2144 839 2209 Senatus
853 2153 994 2229 secutus,
1016 2153 1116 2232 atque
1129 2168 1150 2211 a
1170 2144 1311 2211 Sextio
1301 2165 1337 2210 ιιι

276 2253 383 2340 Libya
397 2254 588 2342 profligatus
601 2262 636 2323 et
648 2276 751 2321 casus
767 2254 839 2335 tuit,
863 2263 900 2355 ut
912 2263 963 2320 est
975 2254 1064 2343 apud
1077 2255 1263 2365 Appianum
1277 2253 1338 2321 lib.

277 2364 339 2445 lv,
353 2373 387 2430 et
400 2364 543 2430 Dionem
557 2366 615 2431 lib.
629 2364 802 2433 XLVIII.
825 2366 951 2433 Extant
965 2366 1007 2432 ad
1020 2389 1094 2433 eum
1114 2342 1261 2455 epistole
1282 2362 1339 2430 Ci-

275 2476 401 2547 caronis
425 2475 482 2541 lib.
501 2477 589 2544 XII.
628 2479 740 2566 Atque
764 2478 850 2543 hunc
876 2485 1002 2564 patrem
1031 2500 1102 2543 csse
1127 2484 1269 2563 quatuor
1294 2474 1338 2539 ad

275 2588 480 2668 Herennium
503 2588 662 2655 librorum
686 2596 797 2655 censet
818 2588 1072 2676 Glaudorpius
1059 2610 1097 2653 ιιι
1118 2568 1338 2652 Ouomostico.

276 2698 343 2765 Sed
364 2698 443 2765 mihi
466 2700 569 2787 magis
592 2700 637 2765 sit
662 2698 849 2781 verisimile,
871 2721 943 2765 esse
968 2720 1079 2765 eorum
1104 2706 1269 2765 auctorem
1292 2696 1336 2763 L.

275 2808 485 2891 Cornificium
500 2808 597 2875 Lucii
616 2807 731 2892 filium,
746 2809 803 2898 qui
824 2808 994 2875 Octaviani
1010 2809 1148 2875 Caesaris
1162 2818 1273 2897 partes
1288 2830 1340 2875 se·

274 2924 372 2986 cutus
390 2916 440 2984 M.
455 2919 596 2985 Brutum
619 2918 756 2988 Cereris
779 2942 1012 3007 percussorem,
1035 2919 1217 2985 Plutarcho
1240 2926 1336 3003 teste,

275 3049 337 3117 pro
351 3026 507 3095 tribunali
526 3030 700 3115 accusavit,
717 3053 756 3097 ac
778 3030 867 3107 bello
882 3029 994 3109 Siculo
1009 3028 1189 3095 Octaviano
1204 3038 1338 3121 stpenue

275 3158 409 3227 operam
422 3140 566 3222 navavit,
587 3141 700 3205 mucre
725 3139 866 3228 denique
887 3139 1060 3207 Octaviani
1081 3139 1340 3206 adhuc'lrium·

237 3236 240 3243 ¹
273 3252 337 3319 vin
329 3252 554 3319 consulatum
569 3258 621 3317 est
639 3252 778 3341 adeptus
791 3274 877 3319 anno
897 3241 1094 3317 DCCXIX.
1136 3250 1273 3334 Quod
1248 3272 1276 3315 ιι
1290 3250 1339 3315 id-

275 3362 374 3447 circo,
395 3362 474 3452 quia
493 3360 601 3456 Tullii
615 3382 734 3427 numen
754 3384 775 3427 a
797 3368 847 3428 tut
869 3370 957 3428 retro
980 3360 1100 3427 seculis
1121 3359 1338 3449 protulerint,

274 3482 431 3567 ettamen
450 3449 570 3539 nobilis
590 3470 681 3537 illius
700 3472 852 3539 Oratoris
873 3494 943 3538 esse
965 3492 1031 3537 non
1051 3472 1194 3559 possint3
1217 3470 1339 3558 aliquis

99 3587 103 3598 '
244 3638 251 3651 .
274 3607 347 3651 cum
361 3584 602 3652 Nascimbrenio
616 3585 810 3685 auspicetur,
825 3606 896 3649 csse
914 3582 1010 3675 unius
1023 3605 1042 3649 e
1056 3582 1225 3649 Ciceronis
1239 3582 1339 3648 liber-

274 3695 338 3761 tisz
364 3695 515 3782 equidem
537 3717 603 3762 nou
626 3694 767 3762 laureae
795 3693 903 3760 Tullii
926 3714 997 3759 esse
1020 3692 1277 3781 discrimenque
1303 3691 1338 3757 in

275 3800 443 3869 Ciceronis
463 3805 575 3873 villam
592 3828 706 3872 versus
725 3804 881 3884 habemus
899 3803 933 3891 in
948 3802 1125 3870 Catelactis
1143 3801 1335 3891 virgilianis

274 3911 462 3995 (noconius,
483 3914 695 4001 quodeciam,
716 3932 791 3977 eum
804 3912 889 3979 inter
903 3914 1000 4001 hujus
1017 3913 1097 3980 artie
1118 3913 1267 3979 doctores
1280 3934 1336 3978 ve·

273 4029 381 4089 terum
394 4023 541 4109 reposuit
554 4024 740 4111 quisquam)
757 4021 814 4087 scd
834 4022 942 4089 Tullii
963 4022 1117 4103 Tirouie3
1141 4045 1238 4111 quem
1253 4024 1338 4089 iuter

273 4132 439 4201 Rhetcras
450 4153 568 4199 nomen
579 4132 741 4216 habuisse,
755 4142 882 4208 constat
895 4156 937 4199 ex
950 4132 1053 4200 Plinii
1070 4132 1265 4201 Veronensis
1277 4132 1334 4197 lib.

273 4244 323 4336 II.
364 4242 775 4337 Aefuitisqucqucinter
792 4267 860 4330 eos,
883 4244 923 4313 de
944 4244 1063 4333 quibus
1076 4240 1336 4333 sgitTranquil·

156 4388 159 4394 ·
272 4357 327 4425 lus
339 4354 425 4425 libro
438 4355 478 4424 dc
492 4354 601 4425 Clario
622 4354 833 4425 Rhetoribus.
