2992 5017
401 258 463 314 DE
492 257 553 316 llll
580 259 946 322 unumunurn.
1134 271 1205 340 311

122 405 184 458 tum
191 401 267 474 quorl
278 399 352 473 plebi
362 399 461 454 viritim
472 398 590 466 inetur,
600 400 714 456 subiude
724 399 870 458 mittendos
881 403 997 470 eurasitr
1014 409 1132 463 maxime
1143 427 1206 467 reru

122 485 153 536 ln
168 478 315 545 Etrurlem
334 495 397 550 quae
417 478 551 533 numento
569 483 676 537 ortum
695 480 861 550 simonias,
879 487 911 538 ut
929 497 1056 553 magnam
1075 487 1202 555 ejnrn'm

121 565 251 630 prestus
261 558 357 613 ricinia
367 561 468 626 posset.

158 639 295 692 metere·
314 639 347 688 ut
364 633 548 688 Rommorum
567 635 663 692 «iltioni
679 637 825 706 prosinoioe
843 638 941 708 subjici
963 635 1114 711 eoeperunt,
1138 659 1203 714 ager
1280 631 1285 638 ¹

121 731 224 781 earnm,
231 715 322 770 suetus
332 714 459 784 publicus
466 713 529 782 jure
539 713 668 780 vietortae,
678 715 731 770 illis
743 716 854 786 quidem
865 717 985 772 redditus
995 724 1046 786 ert,
1054 735 1151 775 rernm
1169 739 1204 776 ea

120 793 284 860 munitione,
291 791 467 847 utdeotmnm
475 795 579 860 partem
587 792 705 860 frugum,
715 809 827 864 qnasex
838 795 1071 853 miserationibus
1080 801 1201 871 peruipe-

119 876 190 938 rent,
198 873 293 928 tributi
303 871 413 926 neruiue
421 871 578 940 penderent.
611 870 694 937 Quod
704 872 791 940 priano
800 873 911 943 quidem
918 875 948 928 in
955 875 1052 940 ltalis;
1068 877 1202 934 ‹leindmu

120 949 222 1017 tlieilin
243 949 346 1015 Atrion,
360 949 521 1018 nausiaque
536 948 693 1018 provinciis,
710 954 791 1020 prout
808 949 1029 1019 subjiciebantur,
1048 955 1201 1013 faotitntum

119 1044 181 1081 esse
192 1031 306 1082 oonstet.
343 1027 415 1080 Iiaee
425 1031 467 1079 eat
477 1028 654 1082 decumarum
666 1029 774 1082 illarum
790 1029 875 1098 origo,
894 1043 1008 1100 querum
1026 1035 1127 1088 mentio
1145 1039 1203 1092 tnnr

119 1106 248 1175 nequem
256 1106 410 1159 oecurrltin
420 1102 548 1171 Veninis,
559 1108 734 1178 etprmoipne
745 1107 813 1160 libro
821 1109 909 1162 tertio.
936 1110 1006 1162 Cum
1016 1114 1108 1166 autem
1118 1115 1202 1169 deon-

119 1196 236 1238 mannm
244 1184 411 1238 trumentum
421 1183 526 1237 aiendre
534 1183 617 1252 plebi,
627 1201 690 1256 qnae
699 1186 729 1239 in
740 1185 798 1240 dier
809 1187 958 1255 oresoebnt,
966 1187 1025 1256 jum
1035 1203 1090 1243 non
1101 1193 1204 1246 eumue·

119 1265 174 1328 ret,
181 1263 255 1316 idem
263 1267 371 1316 aenatm
381 1262 488 1332 publice
500 1263 535 1314 ed
546 1263 649 1317 euntia
659 1263 808 1317 domestica
820 1265 999 1320 coemendum
1010 1268 1039 1321 ln
1049 1271 1203 1338 prorinoiir,

120 1340 243 1394 maxime
257 1340 286 1394 iu
305 1341 404 1406 Sicilia,
416 1340 579 1393 liumentum
596 1340 708 1395 onnrit.
742 1339 798 1396 cte.
811 1339 888 1397 Vm·
900 1341 957 1398 ΙΙΙ.
969 1349 1013 1400 69.
1025 1345 1202 1410 Frumentum

122 1415 192 1471 iilud
208 1433 288 1472 ornue
302 1418 417 1472 Romurn
435 1419 587 1481 deventum,
603 1418 676 1489 plebi
692 1417 745 1473 lesi
762 1421 849 1489 pretio
868 1420 1086 1491 distribuebatur,
1104 1424 1202 1479 iubeo

122 1499 239 1562 uatum,
248 1498 379 1552 utaerauo
387 1496 513 1567 pecnnia,
522 1513 604 1566 qnam
616 1499 863 1568 repraesentaverat,
873 1499 1045 1568 reciperetur.

155 1575 209 1629 IV.
227 1575 340 1642 Verum,
350 1581 427 1632 utex
438 1577 511 1630 malo
518 1576 620 1628 malum
633 1576 763 1642 nascitur,
773 1577 928 1630 tenuiorum
937 1579 1037 1632 civium
1052 1579 1203 1637 multitudi-

117 1655 269 1724 uem,quia
277 1654 532 1720 illinndesolveret,
543 1669 598 1706 uon
608 1658 674 1719 erut,
691 1671 743 1708 rere
761 1654 849 1709 alieno
861 1655 992 1724 obstringi
1009 1655 1121 1712 neoeise
1138 1660 1199 1716 luit.

118 1731 209 1800 Igitur
218 1730 256 1785 ita
264 1747 320 1786 rem
333 1733 465 1787 moderari
474 1733 599 1802 oportuit,
609 1735 643 1788 nt
658 1734 767 1803 utrique
782 1733 930 1788 difficultati
948 1739 977 1788 et
999 1739 1155 1793 annonariae
1172 1745 1201 1794 et

117 1811 284 1881 pecuniariae
294 1812 402 1865 mnium
412 1812 510 1866 Iretm:
526 1827 618 1881 neque
634 1810 797 1880 permittere,
813 1815 846 1864 nt
863 1812 1038 1879 multitudini,
1053 1831 1116 1884 qnae
1134 1817 1200 1870 sutis

68 1944 73 1950 ,
117 1891 180 1960 Ipsa
188 1905 239 1960 per
249 1906 279 1944 se
288 1889 357 1943 levis
368 1893 418 1958 est,
430 1890 488 1944 ullu
495 1891 586 1960 paullo
594 1888 692 1957 justior
702 1889 736 1944 ad
748 1889 872 1944 mutnsin
884 1891 959 1945 Urbe
967 1893 1143 1954 concitandos
1154 1911 1200 1950 ne·

118 1968 232 2023 eederet
241 1969 358 2023 oemio.
391 1967 491 2039 ltaque
508 1969 581 2037 plebi
592 1976 705 2024 ‘annom
714 1972 852 2023 menstrua
863 1970 975 2040 praebim
984 1976 1026 2023 est
1036 1972 1131 2040 pretio,
1142 1990 1198 2028 non

117 2063 163 2114 eo,
172 2063 228 2120 qno
236 2047 345 2118 publiee
355 2048 531 2111 vendebatur,
542 2045 590 2099 sed
601 2046 817 2117 vilissimoque
828 2051 857 2101 et
868 2051 974 2116 egestas
993 2049 1143 2105 domestica
1159 2055 1199 2108 le-

117 2132 298 2193 saremenee
306 2130 399 2180 tannen
405 2127 483 2195 plebe
494 2128 649 2178 avocaretur
660 2123 695 2177 nb
705 2125 847 2180 Industria.

153 2205 271 2260 Fontem
286 2204 332 2259 bio
349 2204 432 2258 babes
448 2208 477 2258 et
487 2204 603 2257 rivulum
620 2201 791 2276 publicorum
802 2201 974 2271 largitionum
983 2200 1095 2275 (qnippe
1106 2207 1199 2278 largiri

117 2282 221 2338 dieitur
226 2300 282 2338 non
291 2286 378 2339 solum
386 2283 434 2353 qni
443 2281 525 2351 gratis
535 2281 592 2345 slat,
602 2295 696 2335 rernm
707 2279 790 2334 etium
797 2281 846 2350 qni
856 2297 891 2334 ex
902 2281 989 2350 pretio
1001 2281 1102 2352 aliquid
1110 2286 1200 2340 ‹letra-

116 2361 174 2429 nit)
191 2363 238 2432 qni
256 2363 383 2431 deinoeps
401 2361 492 2416 eundo
507 2365 614 2414 tantum
631 2359 776 2412 tribunitiis
794 2358 898 2430 legibus
911 2359 1041 2434 senserim
1058 2365 1088 2414 ut
1103 2379 1198 2420 earum

116 2441 185 2496 moli
195 2445 290 2511 postea
299 2441 463 2495 matinendae
475 2437 600 2492 erarium
609 2438 696 2508 inpar
707 2437 795 2491 inerit.

153 2519 193 2574 V.
210 2517 437 2574 Primnfrumenti
447 2518 560 2585 largitio,
570 2516 655 2585 (illem
667 2515 729 2569 dieo
746 2531 809 2585 quoe
828 2513 939 2570 retinuIt
952 2515 1088 2584 quandem
1104 2518 1199 2574 rendi-

117 2599 201 2654 tiorris
211 2597 411 2670 speciemque
422 2597 532 2650 minime
543 2594 752 2652 uubie'oeenrrit
767 2593 795 2647 in
807 2592 931 2646 Romana
949 2591 1066 2658 historia,
1084 2597 1200 2665 eontigIt

117 2675 283 2739 annoUrbis
291 2677 475 2730 meditem
486 2690 541 2744 qno
552 2688 624 2727 anno
633 2671 851 2742 oarItasprimnm
858 2685 971 2724 annonae
979 2670 1031 2725 luit
1041 2687 1077 2725 ex
1088 2673 1198 2728 incultis

116 2756 355 2828 perseoessionem
366 2754 454 2824 plebis
470 2754 549 2822 agris,
561 2756 590 2806 et
607 2751 678 2806 turne
695 2750 794 2804 deinde
809 2750 959 2804 laboratum
980 2754 1032 2803 est.
1065 2751 1198 2808 consules

116 2835 281 2890 dimiserunt
291 2832 391 2904 passim
402 2833 438 2888 sd
448 2831 626 2885 ooemendum
635 2829 809 2897 frumentum,
821 2844 876 2883 non
887 2829 915 2882 in
924 2828 1060 2882 Etruriam
1070 2831 1160 2899 modo,
1168 2837 1198 2886 et

115 2931 167 2986 per
177 2912 294 2967 Volaoos
302 2927 390 2983 usque
401 2911 435 2963 ud
444 2911 555 2975 cumas,
565 2901 613 2964 rei
623 2907 651 2962 in
661 2905 779 2960 siciliam
789 2921 912 2977 quoquer
930 2906 1002 2977 quod
1015 2907 1131 2964 Romam
1149 2909 1197 2963 nd-

116 2996 231 3047 veetnnr
242 2991 342 3060 populo
352 2988 447 3042 datum
455 2991 498 3041 est
506 2987 558 3040 levi
568 3000 633 3040 sune
643 2984 745 3053 pretio;
762 2989 875 3039 curante
885 2989 980 3039 senatu
991 2991 1022 3038 nt
1033 2986 1196 3042 trumentum

116 3075 302 3124 etresomnes
313 3067 460 3121 adriotmo
470 3065 629 3120 necessarie
645 3061 715 3115 nnn
733 3069 831 3130 essent,
848 3061 942 3134 quenti
958 3063 1063 3118 minimi
1083 3065 1197 3121 luissent

116 3153 183 3202 aute
191 3144 378 3201 seemsionern.
391 3144 449 3198 Lu.
459 3143 550 3198 inae.

152 3228 236 3282 Anno
246 3224 327 3279 Urbis
336 3227 397 3280 298.
408 3240 471 3278 oum
478 3237 594 3286 unnonu,
604 3220 693 3291 inquit
704 3215 761 3272 Le.
773 3217 828 3274 111.
840 3223 883 3274 ³1.
891 3222 1000 3289 propter
1009 3235 1138 3290 aquenum
1153 3223 1197 3277 ln-

115 3304 286 3375 temperiem,
295 3302 467 3368 laboraretur,
476 3301 589 3355 Manius
599 3295 722 3353 Marcius
733 3296 820 3350 edilis
833 3296 919 3367 plebis
939 3299 1057 3366 primum
1076 3298 1196 3354 trumen-

115 3385 186 3449 tum,
197 3383 226 3435 iu
237 3385 288 3447 est,
299 3378 543 3449 frumentumqnod
555 3393 647 3432 mense
658 3377 743 3446 primo
752 3373 876 3443 (singuiis
891 3375 964 3428 enlm
980 3375 1117 3428 mensibus
1128 3377 1196 3430 ‹livi-
1257 3416 1260 3424 ,

115 3461 242 3526 debatur,
258 3459 340 3513 etsie
356 3458 517 3527 interpretor
531 3455 556 3504 rt
571 3455 696 3526 μήπω,
707 3453 779 3521 quod
794 3451 860 3504 mire
871 3451 947 3504 ionii
958 3451 1051 3505 docio!
1063 3452 1196 3520 homines)

115 3540 160 3596 sni
169 3537 341 3605 magistrumn
350 3535 449 3602 divisit,
460 3535 563 3607 populo
572 3533 601 3588 in
612 3531 716 3585 modios
724 3530 837 3594 essibus,
848 3527 917 3584 Gall.
921 3533 948 3584 9.
956 3529 1064 3595 deniae
1071 3531 1191 3586 donavit.

116 3615 193 3672 Plrin
206 3615 294 3669 Har-ri
306 3613 424 3669 XVIII.
435 3617 462 3668 4.

151 3697 237 3750 Anno
247 3693 329 3747 Urbis
336 3695 398 3748 315.
406 3705 469 3747 enm
482 3689 639 3760 temeplebs
658 3689 806 3757 urgeretur,
827 3683 860 3740 L.
875 3684 1017 3740 Minucius
1037 3684 1196 3754 Augurium

95 3801 99 3804 ·
114 3775 262 3848 praetentus
273 3787 388 3826 annonae
399 3775 514 3836 oreatus,
525 3768 585 3837 ejrra
594 3767 691 3822 levatae
700 3765 812 3834 glorium
823 3763 893 3818 tulit.
929 3763 955 3818 N
957 3779 1001 3818 uru
1011 3779 1137 3834 oppresso
1149 3767 1196 3836 Sp.

114 3851 224 3918 Mulio,
234 3867 314 3906 omne
324 3851 498 3915 trumentum,
505 3849 580 3917 qnod
590 3845 635 3900 bio
647 3845 750 3915 private
760 3842 876 3916 pecnnia
888 3841 922 3895 ad
933 3843 1086 3912 largitiones
1096 3843 1196 3897 tueleu-

115 3934 167 3988 ‹ias
178 3934 323 3996 coemerat,
339 3945 396 3982 nnn
412 3943 476 3982 oum
493 3925 603 3994 reliquis
619 3923 679 3992 ejus
689 3921 768 3976 bonis
777 3920 944 3990 publIoatnm
955 3921 1013 3975 fnit.
1048 3921 1130 3986 Quod
1141 3922 1196 3976 fru-

116 4015 241 4065 mentum
251 4006 390 4061 Minucius
398 4004 537 4059 assibusiu
545 4002 648 4056 modios
657 4004 749 4056 renale
758 4017 821 4054 oum
830 4001 1018 4070 proposuisset,
1029 4000 1069 4054 ita
1078 4001 1195 4069 pretium

115 4089 193 4157 {arpis
209 4085 352 4150 tmmmuit,
370 4088 403 4137 ut
421 4082 508 4136 tribus
526 4081 654 4135 nondInis
670 4077 802 4132 mntidern
813 4079 842 4132 iu
853 4078 923 4132 sorno
933 4083 1078 4147 prostaret:
1096 4078 1195 4147 quode

117 4183 202 4222 σιω
219 4168 309 4219 statne
321 4163 348 4218 ei
358 4160 486 4232 apopulo
494 4161 563 4230 stipe
575 4159 681 4225 collate,
692 4159 795 4211 statuta
805 4160 854 4223 eet,
865 4156 923 4212 Lio.
933 4155 985 4212 lv.
999 4161 1065 4212 12-
1070 4159 1107 4234 ln.
1119 4154 1195 4209 Pure

116 4245 166 4300 nbi
176 4259 209 4298 su
229 4259 268 4298 ra.

151 4259 333 4386 Fertrus,
343 4331 486 4373 eommnne
495 4318 539 4368 est
547 4330 654 4370 nomen.
688 4311 744 4367 Sed
757 4311 800 4366 bio
811 4314 877 4368 etin
892 4312 1073 4382 superioribus
1092 4309 1195 4378 aoeipio

117 4417 166 4472 pro
175 4401 253 4466 tarro,
264 4415 320 4471 qno
330 4399 392 4468 puls
400 4395 447 4449 ille
456 4387 655 4458 conficiebatur,
665 4391 713 4462 qui
723 4391 827 4460 priseos
837 4389 889 4444 init
901 4391 1083 4443 Romanorum
1091 4387 1195 4440 vietus:

118 4476 446 4555 umepeurfagtrrsuso
457 4473 589 4530 uenum.
622 4471 696 4530 nrm
705 4461 1197 4545 perincipntorerineogninoniriu-
