2992 5017
438 263 491 319 sn
517 265 653 347 σω.
678 266 771 322 nno
797 266 947 324 nouo.
1176 267 1249 340 64⁷

121 407 315 464 monaulum
335 405 431 462 rstutit.
469 405 503 460 In
526 406 670 482 Dresdensi
742 409 815 470 Qud
831 407 940 462 musis
959 408 1098 481 inscriptio,
1117 410 1164 466 siti
1185 429 1247 466 num

119 487 266 540 eatetiam
277 484 372 542 ruetis.
706 485 886 542 oiiudoisietur
894 505 954 550 esse,
964 505 994 540 sss
1005 489 1247 543 moeniorum

166 563 323 620 Sstisssstiis'
333 560 444 635 videtur]
463 564 533 617 Puto
544 562 670 632 quaedam
705 562 826 638 direptio]
834 566 877 620 ita'
883 566 1246 636 Pantagathusinterpungit,

118 646 234 710 deesse,
245 661 280 698 ex
291 643 389 713 quibus
399 641 472 695 istud
482 643 554 710 quod
562 641 621 708 jum
631 643 670 694 in·
707 647 735 695 ot
742 660 790 712 pro
797 645 904 714 direptio
914 645 979 712 tegit
986 645 1089 714 ereptio.
1109 647 1139 701 F.
1148 646 1245 700 Uussu.

115 723 189 788 fert,
199 723 423 792 consequebatur.
446 720 569 772 Fortasse
579 724 671 773 autem
742 721 800 774 Per
818 721 897 794 legem
920 719 1060 796 Licinium]
1091 725 1133 777 Ne
1153 725 1178 779 ei
1198 727 1245 794 qui

117 802 182 853 hoo
201 802 286 867 deest,
309 800 403 854 Recito
421 796 670 864 senatusconsultum,
707 801 795 866 tegern
812 801 845 854 de
860 803 996 856 curatione
1014 807 1180 872 potestateve
1198 804 1245 856 aii-

118 881 204 948 quod
211 882 275 948 qnia
282 881 353 932 notis
361 877 670 947 seriptumeratettluxit.
707 895 764 946 qua
780 878 880 944 tulerit,
900 879 959 946 ejus
979 880 1094 948 collegis,
1114 882 1243 948 cognatis,

119 957 246 1012 Honore.
708 957 841 1009 adfinibus
852 972 885 1009 ea
894 962 1012 1026 potestas
1023 961 1158 1012 curatiove
1169 974 1244 1014 men-

161 1034 311 1090 Bouuss'lle
328 1034 377 1101 sir,
394 1035 437 1087 M.
454 1029 581 1105 Scaurus]
605 1033 671 1098 Qui·
708 1037 823 1090 duretur.
858 1035 970 1088 Honos.
1299 1065 1306 1076 ·

121 1115 196 1168 dam
211 1115 270 1168 libri
279 1119 381 1167 veteres
392 1112 499 1179 hubent,
511 1113 540 1167 iu
549 1113 620 1166 ionis
632 1111 672 1166 illi
743 1113 829 1167 Unum
840 1113 938 1168 studens
948 1115 1047 1167 uidetur
1057 1132 1108 1168 esse
1118 1125 1192 1186 otqsss
1203 1110 1244 1186 id]

116 1194 178 1246 nir.
216 1194 307 1247 Locus
324 1195 474 1264 suspectus.
509 1191 669 1258 Legendum
706 1191 800 1246 Frano.
814 1191 911 1244 Dresd.
922 1195 950 1244 et
961 1193 1037 1260 prim.
1052 1191 1137 1245 Utinm
1145 1194 1244 1246 esium

116 1273 205 1337 sorte,
221 1271 450 1340 mpgnusittevir.
475 1270 599 1323 Lissus.
624 1269 667 1324 M.
706 1271 805 1323 rotimus
822 1269 990 1323 videturesse.
1025 1270 1124 1323 Latino
1134 1272 1242 1339 quidem
1272 1311 1275 1324 .

116 1348 236 1402 Drusus
243 1349 271 1402 io
278 1347 375 1420 legibus
382 1348 435 1402 suis
442 1345 581 1419 plerisque,
592 1347 670 1401 bonus
706 1348 805 1400 dieitur
814 1346 1243 1418 rutionsfoeere,.retionepessure.

117 1425 171 1480 ille
183 1427 277 1481 nirM.
287 1426 410 1490 Scaurum
420 1425 486 1479 etl..
496 1423 670 1479 (iussuseon-
705 1426 761 1478 Sed
781 1426 880 1480 videtur
899 1443 951 1478 esse
968 1423 1065 1478 ratione
1082 1426 1157 1490 Mem,
1175 1441 1244 1478 nun·

115 1505 223 1560 sudoris
243 1523 295 1558 nost
315 1499 488 1575 obtinuerint]
522 1503 669 1557 Examinet
705 1521 786 1572 quam
808 1505 925 1573 placebit
946 1503 1037 1574 palato
1060 1503 1178 1566 Latin03
1200 1504 1244 1556 oui

117 1601 221 1654 quaeso
232 1584 326 1637 oritiou
337 1583 410 1635 ustio
418 1583 576 1650 scripturum
588 1583 667 1636 hono.
704 1583 791 1651 magis
802 1584 937 1648 arrideret,
944 1583 1044 1635 uidetur
1051 1583 1243 1652 mendumque

116 1665 185 1718 Pal.
196 1667 332 1732 pnetseo.
349 1657 669 1731 Tuisplerisqueiuiossis
703 1679 756 1714 esse
775 1661 851 1716 ratio.
887 1660 969 1714 Nolui
987 1660 1079 1730 itaque
1091 1659 1243 1712 secederes

115 1741 168 1796 ille
181 1741 230 1796 nir.
245 1738 405 1806 discusso,
422 1748 447 1792 et
459 1739 494 1791 L.
507 1736 600 1791 crosso
611 1756 667 1792 coss·
704 1740 828 1808 vulgetis.
864 1739 960 1793 Ganv.
1260 1745 1265 1764 ¹

113 1819 229 1887 addus,
244 1836 297 1871 uon
311 1809 455 1872 obtinuerit.
485 1816 586 1869 Sensus
601 1833 667 1870 sane
738 1817 848 1873 Extules
859 1813 1032 1890 Byzantium]
1052 1817 1195 1884 Byzantini
1207 1816 1245 1869 oi·

114 1895 667 1964 inderesnltatogreginsretormatosuis
703 1914 750 1950 ves
773 1913 860 1951 renum
882 1897 1036 1966 capitalium
1060 1913 1076 1948 s
1101 1897 1156 1950 suis
1180 1911 1244 1948 oon·

114 1981 148 2032 in
160 1977 225 2042 suis,
236 1975 390 2044 rejectoque
407 1961 450 2026 ille
466 1972 516 2027 nir.
545 1971 667 2027 Uthina
704 1977 832 2041 demnsti,
842 1991 890 2044 pes
903 1976 1006 2030 Pisonis
1017 1976 1120 2042 legatos
1136 1973 1242 2028 reducti

115 2057 207 2110 faeiat
217 2057 307 2122 logum
319 2067 419 2121 genera
431 2051 530 2111 Drusi:
545 2052 626 2117 bona,
638 2058 666 2106 et
703 2060 775 2108 sunt.
811 2053 927 2108 Horou.

113 2136 204 2188 mutu.
239 2133 282 2185 Ne
298 2133 326 2185 in
341 2130 419 2183 bonis
433 2127 551 2198 quidem,
570 2131 666 2200 inquit,
736 2133 838 2196 Eidem,
851 2134 1101 2203 uiuiduutrnqueds
1118 2149 1243 2203 sonogo-

114 2209 665 2279 obtinuitquaeroluitannoqnooonsnl
701 2213 767 2266 tisun
784 2208 854 2283 nu]
883 2211 924 2264 M.
942 2210 1048 2274 Catoni,
1067 2209 1145 2277 eujus
1157 2211 1243 2262 nomi-

114 2296 179 2346 erat
192 2292 319 2355 Scaurus,
331 2303 402 2341 anno
411 2303 465 2358 qno
474 2287 594 2340 Crassus.
620 2287 666 2340 ln·
702 2293 745 2344 nis
756 2290 914 2344 auctoritate
925 2288 1029 2342 ocinus
1039 2288 1113 2342 istud
1124 2289 1248 2355 tegebat..

114 2367 419 2442 spexiobiterFustos3
439 2365 486 2420 sed
499 2365 665 2421 nihitstatim
702 2369 789 2423 Ionos.
1112 2401 1118 2412 κ

115 2452 196 2505 uitro
213 2445 339 2501 occurrit.
374 2444 474 2498 Sedere
492 2445 528 2497 od
546 2445 665 2498 cuculos
738 2439 1084 2516 UtinAsiuoistopisorum]
1101 2443 1241 2514 cistopho-

113 2547 175 2584 noa
190 2527 277 2589 libuit,
294 2541 382 2594 neque
398 2524 467 2576 odeo
483 2523 573 2587 lionit;
592 2524 665 2593 flagi·
701 2543 755 2590 rus,
778 2540 877 2579 numus
899 2523 1045 2576 Asiaticus.
1081 2523 1160 2576 Patet
1182 2523 1239 2576 haec

116 2613 197 2663 tatus
208 2605 324 2660 ninnium
334 2603 368 2656 ab
381 2603 429 2667 eis,
441 2602 489 2671 qui
501 2601 664 2668 iamdudum
701 2605 793 2659 omnia
813 2605 847 2656 do
869 2601 985 2656 Gabinio
1009 2601 1071 2661 diei,
1090 2616 1144 2654 non
1156 2601 1239 2669 'quod

115 2687 229 2758 prodire
245 2684 405 2737 Ciceronem
423 2680 556 2745 debuisse,
574 2682 666 2734 eterni·
701 2683 814 2736 Clodius
825 2683 882 2736 istis
893 2681 1018 2734 derebus
1029 2679 1116 2746 tegern
1132 2680 1240 2732 tuterit:

118 2769 192 2820 unt
212 2763 322 2815 Etuero
332 2759 434 2815 domin
445 2758 505 2825 ejus
515 2759 582 2812 muti
590 2761 666 2814 nuvi-
700 2763 750 2816 sed
761 2761 880 2815 ostendit
890 2775 972 2829 quam
984 2758 1128 2812 absurdum
1140 2759 1176 2810 sit
1186 2759 1240 2812 diei

116 2847 212 2906 oulen
220 2836 666 2906 nsufiugriumvitaeteoernntBon-
700 2857 756 2894 nno
768 2841 802 2894 de
813 2857 841 2893 re
852 2840 980 2910 populum
991 2837 1087 2904 rogeri,
1104 2836 1168 2906 quia
1184 2853 1239 2891 uno

117 2924 238 2993 garsias,
256 2914 460 2982 Rittessisnsius,
477 2914 663 2979 casaubonus,
701 2921 735 2973 ds
746 2920 854 2973 homine
866 2919 959 2971 multuo
970 2932 1013 2970 res
1023 2920 1158 2983 rogentur.
1177 2917 1221 2971 ln.

118 3003 263 3063 Veiserus,
286 2994 428 3058 Freherus,
446 2995 583 3057 Petarius,
596 2992 664 3046 Vol·
735 2999 809 3053 miss
819 2997 887 3054 Asia
904 2994 1075 3067 cistophorum
1086 2993 1238 3068 flagitaret]

119 3081 219 3145 einins,
236 3074 399 3132 amicssime
415 3073 462 3126 illa
479 3071 545 3126 mihi
565 3071 661 3140 capita.
699 3078 765 3131 Ant.
787 3077 957 3146 Augustinus
978 3074 1124 3144 interponit
1146 3073 1239 3130 millies
1330 3073 1336 3086 “

117 3160 219 3227 ltaque
236 3153 359 3223 ejusdem
372 3152 428 3205 tere
448 3166 511 3204 oum
529 3150 662 3218 plerisque
697 3157 858 3211 interval„
868 3153 1039 3225 &sophorum
1054 3158 1083 3206 et
1089 3151 1237 3225 flagitant,

119 3237 221 3300 aettfitt
231 3234 267 3287 td
280 3237 389 3301 P⁰¹1¹¹¹11
404 3229 536 3299 ssdsspirem
548 3232 662 3296 θβθῐίθί»
698 3235 772 3303 quod
782 3235 846 3288 tacit
856 3234 891 3287 ad
903 3232 1073 3302 elegantium,
1085 3247 1139 3284 non
1152 3231 1186 3284 sd
1197 3232 1238 3285 in-

118 3316 173 3370 niti
194 3328 284 3366 mm
304 3311 370 3363 item
391 3308 522 3362 exanimi
543 3306 606 3373 ejici
626 3305 661 3359 δᾶ
697 3315 889 3381 telligentiam:
908 3310 1016 3381 quando
1034 3309 1105 3362 onim
1117 3325 1237 3378 unquam

118 3397 206 3449 littus.
243 3390 333 3443 Gnur.
356 3387 452 3441 Franc.
469 3386 493 3439 I.
515 3389 544 3438 et
564 3385 661 3439 Dresd-
697 3393 815 3461 populos
831 3392 971 3444 &manus
987 3390 1037 3440 snt
1051 3391 1168 3450 senatus,
1180 3387 1237 3439 cui-

120 3489 200 3544 aeqne
211 3471 244 3524 nt
258 3468 339 3522 motti
349 3467 402 3530 alii,
418 3465 447 3517 in
465 3465 535 3518 tonis
550 3461 594 3517 iile
611 3464 660 3516 vir.
697 3479 779 3530 quam
798 3459 964 3529 magistratui
981 3457 1038 3510 sive
1055 3455 1168 3519 urbano,
1180 3458 1236 3509 sive

121 3552 175 3606 Sed
193 3549 237 3604 ed.
258 3549 336 3616 prim.
356 3545 428 3598 bosus
446 3542 489 3596 ille
506 3543 554 3596 sir.
589 3543 661 3597 Mox
697 3540 853 3608 provinciali
866 3536 1004 3604 negotium
1015 3533 1090 3586 dedit
1098 3532 1236 3600 flagitandi

119 3631 217 3684 Frano.
229 3631 257 3681 et
268 3626 303 3679 ed
314 3625 391 3694 prim.
403 3621 545 3675 obtinuerit.
564 3620 660 3676 Gunv.
696 3617 858 3688 quioqunmt
876 3616 969 3682 Quare
985 3613 1008 3664 si
1024 3610 1185 3664 voluerimus
1195 3629 1237 3668 as-

156 3706 278 3762 Osssnium
296 3702 449 3773 facinorum
468 3709 493 3753 et
514 3709 660 3769 stuproruu
696 3712 761 3749 nare
772 3696 844 3749 huno
855 3695 954 3760 locum,
966 3690 1017 3743 alio
1034 3704 1140 3757 prossus
1151 3707 1236 3746 reme·

119 3783 243 3847 ossum]
253 3784 380 3851 Suspicor
386 3782 421 3834 do
427 3779 604 3844 mendo,num
611 3794 660 3846 pro
696 3775 741 3827 dio
752 3790 821 3843 opus
838 3777 896 3826 est:
915 3769 987 3823 aiud
1004 3767 1077 3822 enim
1091 3768 1168 3823 nobis
1178 3786 1237 3824 rer·

120 3866 203 3920 altono
209 3862 321 3918 munuera
327 3856 661 3927 desiderarirideturpriss-
695 3853 762 3906 bum
773 3853 823 3905 erit
831 3849 1023 3920 recipiendum,
1035 3853 1064 3900 et
1075 3847 1236 3922 proflagita-

120 3945 210 4015 εἰμι,
220 3947 268 3995 sut
279 3941 334 3993 tale
346 3938 494 4009 quidpiam.
513 3935 629 3990 Horon.
694 3940 744 3998 ret,
755 3932 797 3984 rel
800 3929 947 4002 sentiunt,
958 3929 1000 3981 vel
1012 3926 1084 3978 atiud
1096 3929 1183 3982 simile
1194 3945 1235 3982 re-

157 4012 430 4089 Deeums'setClodiis]
448 4013 659 4084 Signifioatistos
694 4009 859 4078 ponendum.
890 4007 975 4062 Paulo
985 4005 1233 4075 positionum

120 4099 207 4166 legens
221 4096 475 4149 Clodiamsunsisse.
510 4092 598 4147 Inest.
694 4085 1233 4154 decessissst,reotissimeRosuoiegitAnt.

649 4156 665 4199 ⁸·
694 4170 872 4238 Augustinus.
890 4165 944 4220 Sed
953 4163 1136 4232 Pantagathus
1146 4167 1233 4214 totum

281 4233 409 4289 CAPUT
426 4235 497 4288 XX
694 4245 768 4300 huno
778 4247 816 4300 ita
827 4246 942 4316 legebat,
953 4243 1026 4296 Utin
1035 4239 1101 4293 Asin
1111 4239 1234 4310 sistoptn

158 4331 198 4385 Ne
207 4325 346 4403 reciperer]
357 4331 400 4383 Ne
410 4330 470 4399 quis
481 4345 525 4383 sne
536 4332 608 4382 teuto
619 4341 660 4380 su-
693 4333 912 4396 rumeuoequuret.
948 4320 1013 4373 Indo
1027 4319 1076 4372 iret
1091 4317 1120 4371 in
1136 4317 1234 4389 Hispo-

124 4411 237 4480 oiperet:
255 4409 345 4479 siquis
355 4409 538 4479 recepissem
547 4421 660 4480 poeuam
694 4403 774 4470 susm,
793 4420 850 4456 sum
866 4401 953 4456 Romu
966 4395 1115 4458 decessisset,
1132 4399 1173 4462 uc.
1198 4397 1231 4452 F.

127 4489 230 4546 subiret.
266 4487 354 4546 Innu.
694 4483 797 4538 Usesn.
818 4481 853 4536 Ut
860 4473 1173 4550 siuoptorussflogitorst,
1182 4476 1233 4532 hoo
