2992 5017
136 310 140 328 Ι
279 243 354 312 220
720 241 980 298 usurario.

278 389 512 458 meniariorum
526 368 668 469 luxurie,
693 390 737 456 iis
760 391 903 475 perierit,
925 390 994 474 qui,
1016 393 1137 474 praeter
1151 389 1359 472 Ciceronem,
1375 395 1407 458 in

279 499 441 566 Cicerone
455 506 609 584 quaerunt
618 500 711 567 nihil.

320 609 470 674 Primum
482 609 524 675 de
539 611 662 690 verbis.
706 611 775 677 Hic
792 631 855 694 ego
873 595 1069 695 interpretes
1090 611 1126 677 in
1145 613 1270 698 triplici
1289 616 1404 681 ordine

276 720 377 787 video
399 739 511 805 posse»
523 722 693 788 collocari.
728 721 861 787 Primus
881 740 995 786 eorum
1016 727 1101 801 esto,
1122 725 1179 809 qui
1201 725 1314 790 varius
1336 726 1404 791 lec-

228 888 230 893 .
276 832 397 911 tiones}
410 832 474 897 etsi
483 852 584 898 unam
597 832 633 895 in
644 831 713 896 illis
725 836 909 914 agnoscant
919 830 1061 916 probam
1069 851 1144 898 esse
1156 854 1198 900 ac
1212 837 1402 916 tenendam,

276 963 392 1035 omnes
410 949 521 1009 tamen
544 943 714 1026 colligunt.
757 939 853 1006 Alter
866 960 927 1008 eos
946 943 1215 1028 comprehendat,
1237 948 1307 1031 qui,
1327 969 1402 1014 cum

273 1053 357 1122 nibil
371 1052 700 1140 certi·bubent‚.qnod
708 1053 753 1118 ab
763 1057 899 1118 auctore
911 1052 1098 1138 molentum
1111 1055 1287 1135 fateantur,
1302 1059 1401 1125 libra.

273 1167 396 1232 riorum
409 1166 465 1232 vel
475 1164 763 1252 conjectures„vel
776 1163 1000 1230 aberrationes
1018 1166 1161 1247 ouroise,
1180 1172 1214 1232 et
1228 1169 1330 1253 quasi
1344 1190 1401 1255 per

273 1277 389 1344 ludum
402 1277 607 1363 expendunt
640 1274 791 1345 Tertium
812 1293 921 1357 gnum
937 1281 1130 1357 'calcorum
1146 1280 1204 1363 qui
1217 1279 1399 1365 plausibile

270 1389 307 1454 in
328 1383 502 1456 codicibus
524 1388 616 1474 quod
634 1387 724 1453 nilril
738 1385 885 1464 videant,
909 1385 1062 1470 aliquid
1052 1389 1130 1471 ipsi,
1152 1390 1242 1474 quod
1257 1391 1398 1458 arrideat

268 1501 387 1610 magis,
401 1499 705 1577 comminiscuntur,
724 1494 901 1563 etauctori
915 1505 1118 1583 supponunt.
1471 1517 1472 1534 ³

282 1602 645 1696 Atqueilliquidem,
667 1609 977 1694 quorumebscara‚
1003 1615 1041 1674 ut
1055 1611 1304 1691 scrutariornm‚
1323 1613 1395 1678 dili-
1471 1609 1472 1692 l

267 1723 403 1808 gentis
391 1743 428 1788 m
437 1721 618 1787 lectionum
632 1718 860 1803 varietatibus,
876 1725 911 1786 et
920 1720 1077 1785 codicum
1089 1721 1282 1805 quisquiliis
1295 1741 1396 1790 occu·
1471 1721 1472 1788 3

267 1838 379 1925 patur,
389 1849 564 1918 quousque
577 1830 711 1896 tandem
732 1830 907 1900 abutuntur
920 1830 1084 1914 patientia
1096 1833 1231 1896 nostrai
1254 1831 1381 1898 Hoc
1350 1854 1395 1898 m·

266 1944 387 2008 mirum
404 1941 521 2007 uolunt
540 1961 603 2006 nos
624 1942 756 2019 docere,
776 1960 846 2006 non
868 1939 975 2006 fuisse
994 1939 1075 2006 olim
1096 1939 1251 2006 librarios
1273 1942 1393 2022 minus,
1471 2011 1472 2014 ,

267 2073 370 2139 quam
381 2071 468 2119 nunc
484 2061 571 2133 suut,
584 2055 708 2119 inertes
721 2073 761 2118 ao
774 2052 965 2119 mendosos.
1008 2051 1207 2118 Putldiusne
1215 2053 1247 2118 is
1258 2051 1393 2132 faceret,

266 2183 324 2252 qm
314 2163 458 2230 librum
475 2164 539 2231 bac
552 2165 714 2250 scriptum
728 2169 838 2248 aetate,
853 2183 895 2230 eo
914 2184 1008 2251 saepe
1024 2163 1097 2250 jam
1110 2164 1394 2251 typograpbomm
1471 2151 1472 2231 l

265 2296 385 2342 manus
399 2283 440 2342 et
445 2277 678 2366 negligentiam
691 2281 877 2361 expertum,
896 2277 947 2343 sic
965 2277 1000 2342 in
1018 2278 1130 2344 lucem
1142 2295 1234 2343 nora
1246 2277 1394 2345 editione

264 2386 448 2467 reduceret,
465 2393 504 2453 ut
515 2385 621 2452 simul
627 2392 806 2453 erratorum
820 2387 949 2453 iudices
964 2407 1009 2453 ex
1023 2389 1100 2454 aliis
1122 2387 1324 2454 editionibus
1344 2397 1395 2455 at·

263 2500 415 2578 texeretl
437 2499 548 2580 Quem
561 2501 650 2572 enim
662 2500 786 2564 babent
805 2497 949 2564 fructum
965 2499 1126 2585 majorem
1147 2499 1243 2566 toties
1255 2499 1391 2583 ingesta
1471 2505 1472 2574 l

260 2611 361 2676 uobis
383 2610 565 2705 lectionum
585 2615 743 2688 monstra,
766 2625 843 2694 quae
868 2610 926 2694 qui
949 2609 1008 2675 alii
1032 2630 1078 2675 ex
1098 2609 1175 2676 aliis
1198 2617 1391 2694 congerunt,
1471 2597 1472 2680 l

262 2727 411 2789 monstra
424 2742 500 2788 esse
512 2743 580 2788 non
589 2721 788 2788 diffitenturl
808 2719 952 2788 Victorii
963 2722 1108 2806 quidem,
1124 2719 1281 2801 Munatii,
1293 2721 1392 2789 Lam-

261 2833 344 2912 bini,
358 2840 394 2900 et
407 2833 541 2900 Gruteri
553 2832 795 2900 immortalibus
816 2830 853 2895 in
878 2829 1072 2896 Ciceronem
1086 2831 1212 2896 meritis
1227 2830 1319 2912 dedi,
1344 2839 1390 2912 ut,

261 2945 354 3029 quod
381 2943 432 3010 illi
458 2944 639 3023 ediderant,
663 2943 797 3007 alicubi
816 2941 1018 3006 exhiberem.
1060 2941 1250 3006 Varietutcs
1281 2949 1391 3009 autem

259 3054 437 3140 plerasque
451 3055 548 3133 alias,
562 3054 686 3138 quibus
699 3051 933 3119 suffarcinatos
947 3053 1098 3119 videmus
1112 3052 1280 3139 quosdam
1293 3055 1391 3122 inter-

259 3170 382 3249 prebes,
397 3166 427 3230 si
440 3182 654 3252 apponerem,
675 3181 743 3226 non
763 3161 874 3228 minus
895 3163 1013 3228 odiose
1027 3163 1190 3229 facturum
1204 3182 1258 3230 me
1273 3167 1389 3232 existi·
1471 3161 1472 3198 ¹

257 3275 360 3356 mavi,
374 3295 477 3361 quam
488 3276 520 3340 si
532 3272 682 3358 glandes,
696 3271 840 3360 inventis
853 3271 1015 3355 iugibus.

300 3385 369 3460 His
382 3385 528 3473 proximi
540 3388 628 3465 sunt,
643 3383 702 3470 qui
713 3377 888 3461 lectiones,
903 3375 1045 3450 siverba
1055 3390 1201 3470 spectes,
1217 3385 1386 3471 diuersam

257 3498 288 3563 si
301 3486 453 3583 pretium,
465 3496 615 3584 aequales
628 3493 884 3577 versant'longis
895 3488 1189 3580 disputationibus,
1214 3501 1254 3562 ut
1267 3519 1387 3564 vocem
1471 3493 1472 3502 ’

256 3629 356 3676 unam
370 3611 528 3696 aliquam,
551 3607 648 3695 eujus
671 3625 708 3672 se
730 3611 891 3691 patronos
910 3606 1047 3687 iaciunt,
1069 3613 1145 3674 ante
1166 3609 1263 3690 alias,
1285 3613 1386 3696 quasi
1471 3689 1472 3692 Ἴ

256 3721 512 3803 competibices,
537 3712 782 3804 promoreant-
805 3713 930 3782 Videre
953 3721 1006 3781 est
1024 3707 1136 3802 operm
1158 3721 1301 3805 pretium
1324 3724 1385 3788 ali-

256 3830 389 3913 quando
403 3851 517 3897 eorum
528 3829 754 3906 ambitionem,
774 3833 809 3892 et
828 3827 1042 3912 multiplices,
1063 3829 1250 3916 longosque
1265 3853 1385 3900 excur-

254 3957 330 4003 sus:
359 3946 440 4025 quot
458 3941 555 4004 locos
571 3943 744 4005 auctorum
759 3939 947 4019 obscurent,
960 3956 1063 4005 unum
1086 3947 1125 4008 ut
1137 3943 1271 4010 scilicet
1287 3945 1382 4012 illus·

252 4053 349 4123 trent.
391 4049 564 4133 Vagantes
584 4051 615 4114 si
639 4067 790 4133 sequare,
813 4047 908 4114 modo
933 4049 1048 4115 ibebr'c
1069 4055 1102 4117 te
1124 4061 1261 4138 ponent,
1284 4055 1381 4122 modo
1471 4069 1472 4074 ’

249 4160 410 4242 Athenin
436 4161 545 4226 donee
559 4160 669 4226 lessus
690 4158 732 4225 de
746 4159 814 4238 uia,
837 4179 904 4245 quo
925 4160 1034 4226 iuerat
1050 4151 1322 4248 perveniendum,
1347 4175 1381 4234 et
1471 4171 1472 4218 ἒ

211 4318 214 4323 ,
249 4273 403 4340 undosis
424 4291 586 4356 egressus,
610 4261 743 4339 tandem
766 4273 909 4356 ignores.
953 4271 1059 4357 Atqui
1073 4293 1137 4359 ego
1157 4295 1225 4342 non
1251 4280 1379 4346 invitus

247 4384 326 4464 feci,
350 4391 442 4452 utne
455 4383 598 4452 lectores
612 4384 646 4449 in
659 4382 760 4470 hujus
780 4382 995 4468 loquacitatis
1018 4385 1205 4452 molestiam
1227 4391 1378 4476 conjice·
1471 4375 1472 4460 l
