2992 5017
266 249 273 261 “
328 279 921 368 ousrroruussunuustt.
1084 289 1161 366 435

50 419 347 480 sedidincemmodi
363 421 479 479 allerm
492 439 597 494 tempu
610 425 811 493 bomlneanori‚
824 425 872 482 ubi
886 427 915 482 in
931 427 1052 482 altiorem
1068 427 1160 484 locum

48 504 274 575 pmvebunmr,
284 506 317 556 ut
327 501 409 555 nullia
420 501 519 555 linibus
529 519 559 556 se
569 507 737 560 contineant:
755 509 793 571 et,
801 505 885 561 veluti
896 521 960 560 curn
975 507 1076 560 Senatu
1092 521 1165 576 pug-

55 585 183 649 narint,
198 583 306 652 jactent
315 598 345 635 se
355 579 493 651 refregiue
503 581 619 638 claustra
628 584 782 639 nobilitatis
816 585 881 640 Fuit
889 586 922 640 C.
932 583 1037 640 Marius
1051 585 1161 640 fortuni-

56 677 145 716 mua
155 663 205 728 vir,
215 664 245 714 ct
253 675 337 731 prope
351 659 484 714 caelestis:
502 660 728 731 islugurtbinum
738 662 840 719 bellum
851 663 975 730 coniecit,
982 661 1120 717 Teutonas
1130 666 1161 717 et

60 737 239 794 Ambronas
254 737 333 802 ludit,
346 737 470 792 Cimbros
480 736 595 794 delerit:
613 757 660 794 eas
669 743 760 794 umen
776 741 805 794 in
820 741 970 812 Republica
979 740 1071 794 turbas
1086 739 1160 805 iecit,

59 835 130 872 eas
141 821 244 886 strages
255 815 339 881 dedit,
351 819 384 870 ut
393 831 450 869 nou
461 817 551 872 minus
561 818 663 888 patricii
675 818 710 871 ad
726 817 812 872 eedem
825 818 1018 889 venepam
1030 819 1160 888 adaquas

61 897 187 950 Sestias
196 894 302 951 barbari
313 894 451 962 unguinis
462 895 497 948 ait
506 895 605 950 iusum
640 896 722 962 Quod
738 911 793 950 non
808 913 841 951 co
853 897 922 964 dico,
938 903 970 950 ut
981 897 1113 966 judicium
1131 901 1160 950 el

63 975 244 1045 aequitatem
260 973 352 1043 populi
368 971 485 1026 Romani
500 973 659 1043 improbem,
670 975 718 1044 qui
728 975 815 1029 uoluit
831 991 934 1043 semper
951 974 1053 1030 editum
1067 975 1159 1030 virtuti

63 1059 179 1124 patere
194 1053 231 1106 ed
241 1067 335 1105 omnes
345 1051 473 1107 bonores:
491 1053 541 1106 aed
553 1058 586 1106 ut
596 1055 769 1117 contendam,
780 1053 940 1107 illiberaliter
950 1053 1038 1107 luceru
1049 1071 1102 1120 cca,
1113 1054 1159 1122 qui

64 1131 247 1186 seditionem
262 1129 339 1182 alunt
353 1128 380 1180 in
391 1127 509 1193 ciritnte,
522 1130 570 1198 qui
581 1137 681 1198 negant
694 1131 729 1185 cb
740 1129 889 1186 illustribus
901 1132 963 1185 viria
974 1131 1073 1200 aliquid
1083 1131 1160 1201 prud·

65 1210 154 1264 ciaci
164 1209 201 1262 nd
211 1211 339 1277 posteros,
352 1222 406 1276 quo
418 1206 546 1262 nobilitas
561 1211 597 1262 sit
613 1209 786 1278 praeiereuda
823 1209 902 1262 Unde
911 1225 974 1262 vero
985 1209 1094 1264 taudem
1105 1209 1162 1263 Dc-

67 1288 155 1353 cioa,
166 1284 335 1354 Calpurnius,
351 1284 503 1351 Marcellos,
511 1287 658 1357 Scipiones,
674 1291 703 1340 et
720 1293 819 1342 mtera
835 1287 930 1340 robora
946 1287 991 1340 illn
1008 1286 1161 1356 reipublicae

67 1363 250 1419 habuimus!
264 1363 407 1432 exquibus
417 1363 514 1430 uetiti
525 1365 593 1419 talea
601 1369 663 1418 sunt
671 1364 905 1435 qualisSulpitius,
914 1365 1010 1433 ingrati
1020 1369 1062 1418 ost
1069 1381 1162 1420 eorum

71 1446 113 1498 in
127 1441 246 1496 comitiis
255 1456 309 1494 nen
319 1441 481 1507 meminisse,
497 1442 581 1495 luridi
592 1444 761 1510 splendorem
778 1448 959 1508 contemnere,
979 1444 1091 1513 inprobi
1108 1459 1162 1498 uun

71 1519 216 1575 ndmirnri
232 1519 374 1573 virtutem:
391 1518 426 1572 de
443 1535 498 1589 que
508 1519 655 1574 domme
672 1521 763 1576 dicere
781 1524 911 1592 peterem,
924 1522 1070 1591 etquidem
1082 1523 1163 1576 debe·

71 1601 160 1666 bow,
176 1599 277 1668 optime
287 1597 378 1651 Serri:
395 1597 483 1652 utem
499 1603 589 1653 tamen
604 1598 767 1667 brevissime,
777 1599 849 1669 quud
869 1615 951 1653 uuam
968 1615 1063 1655 omnes
1080 1601 1163 1656 veluti

70 1679 210 1733 divinum
219 1677 348 1748 quiddam
358 1677 469 1731 rideam
480 1677 586 1732 elucere
595 1677 767 1732 sanctitatem
780 1681 862 1732 tuam

114 1756 211 1822 Fides,
223 1756 317 1825 pudor,
322 1755 436 1824 justitie,
444 1754 619 1825 temperentia
628 1763 657 1810 te
667 1757 706 1810 sie
712 1757 842 1811 illustrem
851 1755 923 1822 iacit,
929 1759 961 1811 nt
970 1755 1036 1811 nibil
1042 1757 1163 1826 indigens

72 1837 146 1890 luce
155 1834 292 1887 orationis.
327 1834 418 1899 Quare
427 1847 483 1886 uon
493 1834 615 1902 sulpitio,
632 1834 679 1887 sed
687 1835 779 1888 virtuti
791 1838 869 1905 putet
879 1835 947 1888 Cato
958 1834 1014 1888 fieri
1022 1835 1145 1902 injuriam
1152 1841 1173 1884 ε’
1221 1853 1226 1864 ’

74 1915 170 1982 neget
179 1927 242 1965 vero
256 1913 304 1967 diu
318 1913 420 1966 salvam
428 1911 618 1980 rempublicam
630 1927 687 1965 ease
698 1927 785 1981 posse,
800 1911 829 1964 in
842 1929 897 1981 qna
908 1913 1011 1982 dignior
1021 1914 1163 1967 conmlutu

74 1993 225 2058 habeatur,
242 1990 289 2060 qni
299 2005 362 2044 curn
373 1990 493 2044 hostibus
510 1989 654 2060 aliquando
666 1989 748 2044 dubio
759 1993 843 2044 marte
854 1991 1029 2057 contenderit,
1040 2007 1121 2060 quam
1139 1991 1162 2044 ia

74 2071 133 2140 qui
154 2085 218 2123 cum
237 2067 430 2138 cupiditatibus
449 2068 588 2137 explorata
607 2067 717 2122 victorie
737 2067 871 2136 pugnerit,
890 2074 918 2122 et
933 2069 1027 2124 vicerit
1049 2085 1161 2138 semper.

76 2149 179 2218 Magis
189 2147 223 2201 ab
231 2148 265 2201 iis
274 2147 423 2217 periculum
434 2163 494 2201 eme
504 2147 658 2216 reipublice
669 2145 776 2212 clamat,
787 2147 834 2216 qui
844 2163 891 2216 per
897 2147 1024 2202 divisores
1033 2147 1170 2218 pupulam

76 2230 268 2296 corrumpunt,
287 2226 333 2294 qui
345 2227 418 2293 leges
428 2225 581 2293 negligunt:
598 2241 679 2295 qnam
691 2223 838 2290 allegibus
851 2225 925 2293 ipsis,
941 2228 1099 2294 quibuscum
1110 2227 1161 2282 lrec

77 2304 206 2374 tempore
216 2305 268 2358 Cu.
280 2302 425 2372 Pompeius
436 2303 536 2356 bellum
552 2303 629 2371 gerit.
664 2303 728 2357 Fuit
743 2307 848 2372 patrum
866 2307 1015 2356 nostrorum
1034 2307 1162 2360 memoria

78 2385 112 2437 in
125 2383 206 2437 italie
218 2383 342 2452 Pyrrbus,
351 2385 503 2436 tentetnrus
513 2382 577 2451 qnid
587 2381 824 2449 lerrctwruqucur
837 2378 1159 2449 berunqunerduinct:

79 2463 191 2515 fuderat
201 2461 349 2515 exercitum
360 2465 490 2524 nostrum,
502 2476 534 2513 ec
545 2461 658 2529 lugunt.
692 2457 775 2512 Domi
787 2461 877 2511 temen
889 2459 1027 2527 integritus
1038 2459 1162 2528 Fabricii,

81 2541 169 2610 Appii
180 2539 315 2607 fortitudo,
335 2539 409 2593 curii
425 2539 591 2592 continentie
600 2541 671 2591 erat:
689 2551 758 2606 ques
771 2539 899 2606 expertus
910 2535 1000 2604 bostis,
1011 2541 1039 2589 et
1049 2537 1162 2591 admira-

82 2627 140 2684 tus,
156 2621 246 2674 victua
256 2618 338 2672 abiit:
356 2617 429 2688 quod
439 2617 458 2670 ii
475 2623 565 2672 essent
577 2617 698 2671 homines
716 2615 822 2680 Rome,
839 2617 938 2686 quibus
951 2617 987 2670 dii
1001 2617 1163 2670 immortales

83 2698 304 2768 supeioroeesse
320 2712 374 2748 uon
390 2699 508 2764 possent.
543 2695 607 2748 Fuit
627 2696 657 2775 in
675 2695 756 2748 ltalia
775 2693 893 2748 Aunibul
910 2694 1010 2748 multos
1026 2709 1118 2760 anuos,
1134 2699 1163 2748 et

83 2793 170 2847 prope
180 2776 435 2843 omuieoccuperet,
444 2777 542 2842 preter
551 2773 740 2842 iutegritatem,
750 2773 955 2842 etprudentinm
965 2773 1080 2828 civium:
1098 2789 1163 2842 quo-

83 2871 146 2908 rum
155 2869 212 2908 uno
221 2853 333 2907 consilio
342 2851 431 2921 Scipio
441 2851 470 2904 iu
478 2850 597 2904 Aliicem
608 2853 706 2906 missus
712 2857 764 2915 cst,
774 2855 803 2904 ct
812 2851 894 2906 ltalia
900 2852 962 2905 belli
973 2852 1118 2905 terroribus
1132 2853 1163 2905 li-

84 2934 187 2987 berata.
222 2932 285 2996 Quo
303 2933 331 2985 iu
342 2931 403 2984 leco
414 2929 527 3000 libenter
540 2930 606 2984 istos
616 2931 740 2999 rogarint,
761 2931 808 3000 qui
825 2930 928 2984 adrem
939 2930 1060 2984 bellicum
1073 2932 1163 2984 omnin

85 3013 216 3066 referunt:
234 3010 300 3080 quid
312 3011 343 3064 P.
351 3009 484 3078 Scipionis
494 3009 681 3063 ad‘liciuuml
697 3004 763 3079 quid
773 3007 806 3062 T.
816 3009 964 3078 Sempronii
978 3010 1013 3063 ad
1021 3009 1163 3064 'liebiuml

85 3091 152 3161 quid
162 3091 193 3145 C.
202 3088 327 3144 Flaminii
338 3089 374 3141 ad
382 3087 586 3142 Thrasimeuum
597 3103 743 3141 concursu
760 3103 824 3142 uum
836 3089 939 3157 magnis
955 3089 1049 3157 copiis,
1063 3089 1163 3157 prebuit

85 3170 187 3240 populo
196 3167 335 3223 Romanor
352 3164 749 3221 e.t1uutiiremoaesmnuu
761 3166 859 3231 attulit,
870 3166 903 3220 G.
911 3167 1032 3222 Terentii
1042 3167 1161 3222 studium

86 3247 224 3317 pugnandi
239 3245 639 3316 ignominiametcnlnmitatcm
655 3246 839 3298 Cannensem:
857 3243 922 3313 quid
938 3246 996 3314 ipsc
1017 3245 1051 3310 Q.
1061 3244 1161 3299 Fabius

85 3327 236 3390 Muluius,
252 3324 349 3377 armisi
372 3323 436 3392 quid
448 3322 577 3377 Claudius
593 3322 742 3378 Marcellus
760 3323 859 3376 virtute
876 3323 922 3376 illa
937 3323 1044 3378 militari
1059 3325 1161 3378 etllccre

87 3403 195 3458 taudem
206 3403 310 3472 potuill
325 3406 383 3455 crat
392 3401 475 3455 nihilo
492 3401 580 3454 accim
597 3402 628 3455 iu
641 3401 721 3455 ltalia
731 3399 858 3464 Annibal,
874 3401 964 3454 omnia
973 3401 1041 3454 ierro
1052 3401 1162 3469 ignique

88 3482 217 3536 canabat.
251 3480 344 3534 Unum
354 3480 422 3533 illud
431 3479 572 3534 consilium
583 3479 848 3549 prudentissimorum
866 3478 973 3546 civium,
992 3479 1039 3549 qui
1058 3478 1093 3531 cd
1113 3493 1163 3546 gu-

88 3560 230 3615 bernacula
247 3557 400 3629 reipublice
420 3559 558 3624 sedebant,
571 3571 699 3626 magnum
716 3555 910 3624 imperatorem,
927 3557 974 3626 qui
989 3556 1018 3610 iu
1030 3555 1163 3624 Hispania

89 3640 172 3693 victer
182 3654 230 3708 per
238 3639 389 3706 Pyreneum
401 3641 429 3690 ct
439 3637 556 3690 Gelliam
567 3635 595 3688 ri
603 3649 754 3703 erumpens,
768 3646 816 3703 per
833 3635 968 3702 angustius
984 3634 1103 3702 Alpium,
1114 3650 1172 3703 per-

90 3717 221 3772 ceurallea
231 3717 294 3784 gelu
302 3720 329 3768 el
337 3716 432 3784 pruine
442 3714 565 3781 rigentes,
576 3727 624 3781 per
634 3710 703 3778 juga
713 3711 841 3766 altissima
849 3714 910 3765 nive
920 3713 1046 3779 obductu,
1057 3716 1162 3780 etprae-

91 3796 183 3865 cipites
190 3809 270 3864 rcpcs
280 3794 401 3864 peditum
412 3789 558 3858 octogiuta,
577 3789 698 3858 equitum
715 3790 798 3843 millia
814 3790 908 3843 decem
927 3789 1096 3844 truduxcrst:
1119 3794 1160 3844 tot

91 3877 182 3943 postea
191 3872 271 3924 rebus
282 3869 394 3924 feliciter
401 3869 484 3938 gestis
496 3884 589 3934 unum,
603 3883 687 3921 uuum
698 3869 840 3924 consilium
856 3869 945 3938 fregit,
960 3869 1071 3937 fugarit,
1081 3867 1160 3925 ltalia

91 3951 200 4022 expulit.
233 3949 403 4019 Estquidern
421 3946 648 4001 Airicuuinomeu
660 3947 797 4013 illustrius,
813 3963 894 4018 quum
913 3961 1004 4000 eorum
1016 3947 1062 4018 qul
1073 3947 1169 4002 consi-'

91 4031 153 4083 lium
164 4028 310 4082 dederuut:
328 4029 484 4080 nontamen
494 4029 633 4095 propterca
647 4026 808 4094 negandum,
827 4027 893 4080 istos
907 4025 978 4096 ipsos
997 4025 1078 4080 luisse
1096 4043 1160 4081 auc·

92 4107 287 4162 toreaomnium
306 4103 515 4159 commodorum.
550 4103 649 4156 lisdem
663 4105 858 4159 consultoribus
878 4106 978 4159 bellurn
991 4109 1097 4175 gestum
1118 4111 1160 4160 cst

92 4193 181 4240 contre
191 4183 365 4248 Antiochum,
382 4187 411 4236 ct
425 4183 529 4236 Graecia
539 4183 675 4251 provincia
689 4184 799 4238 decreta
813 4190 855 4239 est
869 4185 1041 4254 L.Seipioni:
1060 4185 1094 4238 dc
1105 4199 1160 4254 quo

93 4281 151 4318 curu
161 4263 277 4316 Senatm
284 4261 429 4325 dubitaret,
439 4277 473 4313 au
485 4261 546 4314 belli
558 4261 653 4314 molem
665 4267 757 4330 posset
774 4264 912 4324 sustinere,
933 4266 1034 4329 statuit,
1049 4267 1078 4316 ut
1089 4264 1160 4332 lega-

69 4409 72 4418 Ι
93 4348 133 4398 tus
153 4341 225 4396 fratri
234 4341 376 4394 Africanus
384 4339 607 4409 proficisceretur:
625 4357 679 4409 quo
691 4339 1064 4406 consilioAnlieehusvictus,
1075 4341 1148 4392 omui

93 4421 140 4474 bus
150 4419 292 4490 provinciis
302 4417 368 4471 citro
377 4417 496 4470 'l'aurum
504 4421 622 4470 montem
631 4418 717 4469 cessit
755 4418 823 4483 Quis
835 4419 878 4472 bic
886 4433 940 4470 nou
948 4421 1038 4472 videet
1046 4416 1163 4485 prudeu-

94 4500 153 4552 tiam
174 4497 283 4564 civium,
300 4493 497 4566 expendentem
515 4495 608 4549 munia
624 4495 835 4565 Imperatorum!
852 4496 980 4564 aquibus
997 4499 1019 4550 si
1035 4495 1161 4564 precius
