2992 5017
306 283 379 354 672
554 279 828 335 ousrroues
858 275 1131 334 supressum

307 427 496 490 tamcelerem,
512 428 540 476 et
551 422 718 476 tamarim
731 420 884 492 reipublice
904 421 1159 476 cummutationem!
1196 420 1348 490 Qtu'mm
1366 424 1416 476 tali

309 499 532 573 futurusingenio
542 505 591 565 est,
600 502 647 570 qui
656 501 741 569 possit
750 499 808 554 haee
817 501 856 552 ita
867 498 994 552 mandare
1005 499 1109 564 litteris,
1121 503 1153 552 ut
1165 499 1245 554 tacta
1263 519 1329 558 non
1347 503 1416 557 licta

309 583 535 642 rideanturosset
569 576 1332 648 Quiserittentaaniniisacilitate,qui,quaeverissime
1355 598 1415 636 rne-

310 664 551 732 moriapropagata
568 659 674 723 luerint,
693 674 750 711 non
766 658 865 712 fabulae
879 657 978 710 similia
996 657 1031 709 sit
1048 657 1273 713 existimaturust
1304 661 1415 729 Cogita

310 745 382 798 enim
393 740 543 796 Antonium
550 738 656 792 hostem
661 737 823 804 judicatum,
834 737 869 792 ab
878 751 912 790 eo
922 736 1132 790 cucumuessum
1147 739 1287 792 consulem
1313 739 1414 808 desig·

310 827 414 883 natum‚
424 817 596 887 eundemque
607 817 761 885 reipublice
769 819 926 884 parentem:
947 817 974 868 tc
984 813 1135 882 proiectum
1153 815 1190 868 ad
1204 819 1362 872 cumulem
1381 821 1413 872 li-

310 899 467 961 herandum,
478 902 507 949 et
522 896 624 948 hostem
643 895 855 964 opprimendum,
874 894 1033 962 hostemque
1045 909 1062 945 a
1072 897 1100 947 te
1115 894 1250 962 fugatum,
1259 900 1290 948 et
1297 911 1414 950 cousu-

310 979 363 1031 lem
374 977 515 1030 obsidione
521 975 677 1029 liberatum:
696 973 794 1026 deiude
803 973 884 1043 paulo
895 975 957 1041 post
966 970 1090 1038 iugatum
1101 971 1180 1026 illum
1187 971 1299 1026 humens
1310 990 1413 1028 arces-

310 1056 400 1120 situm,
413 1060 541 1123 tanquam
548 1053 707 1106 coheredem
716 1057 823 1106 mortua
833 1049 979 1120 republica,
991 1049 1025 1102 ad
1036 1048 1108 1102 bona
1117 1051 1209 1120 populi
1225 1051 1357 1106 Romani
1368 1070 1410 1106 ra·

309 1134 424 1202 pienda:
442 1133 580 1185 cononem
589 1131 758 1198 designatum
766 1147 872 1184 rursiam
881 1127 1016 1186 inclusum
1028 1144 1070 1194 eo,
1078 1128 1126 1180 ubi
1137 1145 1168 1182 se
1177 1145 1235 1183 non
1247 1133 1407 1196 moenibns,

310 1214 359 1266 sed
374 1211 528 1268 fluminibus
543 1214 572 1262 et
591 1209 727 1263 montibus
746 1213 874 1262 tueretur.
910 1206 980 1260 Heu
1000 1208 1060 1276 quis
1079 1207 1223 1264 conabitur
1242 1215 1407 1278 exponeret

309 1292 371 1361 quis
381 1289 489 1343 credere
500 1287 626 1342 audebit?
660 1288 758 1341 Liceat
766 1289 849 1342 semel
860 1287 970 1355 immor
980 1302 1123 1355 peccasse:
1141 1287 1176 1340 sit
1189 1290 1295 1342 muri
1313 1291 1405 1344 medi-

311 1371 373 1424 cina
381 1367 520 1422 consessio.
555 1367 658 1420 Verum
670 1367 742 1420 euim
752 1366 848 1420 dicam.
884 1365 997 1418 Utinam
1017 1368 1045 1418 te
1062 1365 1162 1434 potius,
1180 1367 1300 1432 Antoni,
1316 1367 1405 1422 domi·

311 1465 377 1502 nom
384 1464 438 1500 non
448 1447 654 1515 expulissernus,
662 1462 744 1515 quam
755 1445 827 1499 hunc
835 1443 1028 1512 reciperemus!
1039 1459 1093 1498 uon
1102 1459 1158 1513 quo
1166 1445 1225 1498 ulla
1233 1445 1404 1514 sitoptanda

261 1559 266 1564 -
310 1527 432 1590 servitur,
440 1526 488 1578 sed
509 1525 573 1594 quia
589 1523 720 1591 dignitate
736 1526 838 1578 domiui
858 1524 947 1576 miuus
965 1521 1049 1590 turpis
1065 1525 1106 1576 est
1122 1522 1234 1576 lortsrna
1250 1525 1333 1578 servi.
1369 1526 1402 1578 In

310 1605 416 1659 duobus
435 1609 526 1658 autern
537 1603 622 1668 malis,
634 1619 696 1657 cum
715 1603 873 1670 fugiendum
891 1601 980 1669 majus
1001 1601 1044 1666 sit,
1065 1600 1150 1654 levius
1166 1606 1210 1654 est
1229 1601 1400 1670 eligendum.

310 1685 360 1740 Ille
373 1690 462 1737 tamen
471 1699 505 1734 es
516 1683 653 1744 exorabat,
665 1699 727 1750 quae
738 1681 846 1734 volebat
860 1679 978 1734 auterre:
995 1683 1026 1731 tu
1035 1682 1191 1748 extorques.
1228 1679 1284 1734 Ille
1302 1683 1398 1734 mnsul

309 1748 474 1831 provinciam
482 1759 604 1829 petebat:
623 1763 654 1811 tu
663 1760 783 1827 privatus
795 1759 954 1828 concupisti.
973 1756 1024 1812 llle
1036 1757 1071 1810 ad
1084 1757 1218 1811 malorum
1227 1761 1340 1812 salutern
1347 1760 1396 1826 ju-

309 1840 381 1893 dicia
391 1839 579 1902 constituebat,
591 1843 619 1889 et
629 1838 702 1905 leges
713 1838 831 1892 ferebat:
850 1843 881 1889 tu
892 1836 927 1888 ad
938 1835 1083 1904 perniciem
1104 1836 1280 1906 optimorum.
1312 1837 1362 1892 llle
1378 1856 1395 1890 a

308 1918 439 1984 sauguine
450 1920 478 1968 et
487 1915 611 1968 incendio
621 1931 758 1973 servorum
768 1915 931 1985 Capitolium
942 1913 1085 1968 tuebatur:
1103 1919 1134 1968 tu
1143 1931 1242 1968 cruore
1251 1921 1281 1970 et
1288 1917 1396 1970 ranna

308 2000 409 2048 cuneta
419 1994 507 2046 delere
515 1993 564 2045 ris.
601 1995 631 2046 Si
640 1989 688 2062 qu'i
699 1995 783 2048 dabat
792 1993 941 2062 provincias
951 1993 1054 2059 Cassio,
1071 1997 1100 2046 et
1117 1992 1221 2059 Brutis,
1230 1999 1261 2046 et
1272 1994 1324 2048 illis
1335 2011 1396 2048 cu»

305 2073 414 2124 todibus
424 2071 541 2122 nominis
551 2073 644 2137 nostri,
652 2074 798 2140 regnabat:
817 2072 883 2142 quid
896 2069 985 2136 faciet,
997 2071 1044 2140 qui
1063 2073 1148 2126 ritum
1165 2073 1279 2126 adimit?
1305 2075 1331 2126 si
1351 2075 1394 2141 qui

307 2151 374 2204 urbe
382 2147 514 2216 ejiciebat.
526 2155 655 2217 tyrannus
662 2155 734 2204 erat:
754 2167 834 2221 quem
846 2150 919 2204 hunc
930 2163 1064 2216 vocemus,
1077 2150 1125 2220 qui
1135 2167 1169 2204 nc
1182 2151 1275 2204 locum
1284 2153 1395 2221 quidem

289 2226 291 2229 ’
307 2229 416 2297 reliquit
431 2227 531 2280 exilio?
557 2228 655 2297 ltaque
670 2229 692 2282 si
703 2231 769 2298 quid
778 2229 830 2282 illae
840 2228 971 2296 majorum
981 2234 1135 2296 nostrerum
1145 2231 1263 2299 sepultae
1274 2231 1394 2302 reliquiae

287 2354 294 2368 ,
308 2308 423 2375 sapiunt,
431 2308 454 2358 si
465 2321 519 2359 non
528 2322 583 2359 una
594 2323 656 2360 eum
665 2323 775 2374 corpore
786 2323 879 2362 sensus
886 2307 973 2361 omnis
982 2324 1038 2361 una
1048 2312 1131 2376 atque
1143 2309 1241 2364 εοάεω
1250 2326 1394 2380 cousump-

308 2392 352 2440 tus
360 2386 481 2452 estigni;
498 2385 564 2453 quid
575 2384 627 2437 illis
637 2385 870 2452 interrogantibus,
880 2387 945 2454 quid
957 2392 1021 2454 agat
1030 2403 1104 2450 nuuc
1115 2389 1235 2457 poprrlus
1245 2389 1394 2456 Romania

306 2464 478 2533 respondebit
488 2462 585 2530 uliquis
595 2468 724 2525 nostrrnn,
734 2463 781 2530 qui
790 2464 928 2531 proximus
939 2462 967 2515 iu
977 2464 1052 2518 illarn
1070 2468 1202 2518 aeternam
1216 2467 1329 2522 munus
1348 2469 1393 2521 cle-

309 2541 435 2596 cesseritt
452 2545 590 2609 autquem
599 2541 733 2610 accipient
739 2540 773 2594 de
783 2541 838 2592 suis
845 2541 956 2608 posteris
965 2540 1089 2596 nuntium
1098 2542 1137 2596 illi
1149 2551 1253 2599 veteres
1261 2545 1391 2612 Africani,

307 2621 435 2682 Maximi,
446 2620 542 2683 Paulli,
553 2619 714 2687 Scipiones?
726 2619 791 2688 quid
804 2619 838 2670 de
850 2635 899 2671 sua
910 2621 997 2686 patria
1009 2621 1129 2686 audient,
1143 2639 1225 2690 quarn
1235 2623 1326 2691 spoliis
1344 2625 1392 2678 tri-

307 2699 468 2768 umphisque
479 2699 656 2751 decorarunt?
674 2713 709 2748 an
721 2713 779 2748 esse
791 2699 926 2764 quendam
937 2713 1022 2753 minos
1032 2713 1107 2752 xvir.
1117 2705 1222 2766 uaturn,
1232 2701 1310 2768 euius
1320 2719 1391 2756 arm

307 2779 387 2830 suerit
404 2777 578 2846 argentarius,
594 2775 751 2844 astipulator
769 2781 860 2842 patcr;
877 2781 990 2843 uterque
1007 2791 1071 2830 vero
1091 2780 1242 2845 precarium
1256 2785 1389 2849 quaestum
1460 2827 1461 2870 1

307 2855 408 2920 lecerit,
420 2855 468 2908 sed
480 2857 546 2908 alter
556 2870 642 2923 usque
654 2854 688 2906 ad
700 2859 877 2916 senectutem,
889 2858 921 2906 ut
935 2869 989 2908 non
1007 2861 1132 2923 negarem
1150 2858 1218 2912 alter
1235 2876 1253 2912 a
1267 2861 1388 2927 pueritia,
1460 2877 1461 2910 l

308 2941 402 2988 utnon
413 2938 504 3002 posset
515 2949 569 2986 uon
582 2932 716 2986 confiteri:
736 2948 799 2984 euru
818 2948 906 2999 agere,
927 2949 1019 3001 rapere
1037 2935 1243 3003 rempublicam,
1257 2939 1300 2991 cui
1313 2939 1384 2990 nulla
1460 2913 1461 2996 l

306 3010 489 3076 virtus,nullae
501 3011 571 3064 bello
579 3013 699 3064 subactae
706 3016 734 3062 et
744 3011 778 3062 ad
790 3010 931 3078 imperium
943 3011 1079 3078 adjunctae
1086 3014 1239 3081 provinciae,
1249 3015 1385 3083 uulladig·
1460 3021 1461 3072 l

305 3091 376 3142 ru'tas
388 3089 518 3155 majorum
527 3089 696 3142 conciliasset
706 3105 767 3140 earu
778 3088 935 3158 potentiam,
945 3090 993 3142 sed
1004 3088 1089 3142 forma
1102 3107 1152 3160 per
1168 3093 1289 3156 dedecus,
1302 3109 1385 3162 pecn-
1460 3082 1461 3162 l

306 3167 526 3220 uiametnomen
544 3166 634 3219 nobile
651 3165 865 3220 consceleratum
882 3167 1051 3235 impudicitia
1067 3157 1198 3224 dedisset:⁸
1215 3174 1318 3226 veteres
1327 3173 1385 3226 rol·
1460 3168 1461 3188 ¹

305 3244 414 3298 neribus
426 3247 456 3296 et
466 3248 547 3298 aetate
556 3242 693 3304 contectos
703 3245 826 3298 Julianus
837 3247 1006 3314 gladiatores,
1018 3252 1129 3314 egentes
1140 3251 1264 3318 reliquias
1275 3251 1385 3306 Caesam

305 3323 370 3388 ludi,
382 3323 418 3376 ad
428 3322 524 3376 rudem
531 3321 721 3392 compulisset!
739 3324 838 3393 quibus
846 3325 891 3380 ille
902 3330 994 3395 septus
1004 3327 1098 3379 omnia
1108 3329 1243 3400 misceret,
1252 3332 1319 3384 unlli
1330 3347 1383 3399 par·

305 3407 386 3466 ceret,
394 3401 445 3456 sibi
455 3401 564 3456 viveret.
600 3402 656 3468 Qui
667 3407 796 3471 tanquam
808 3403 838 3456 in
848 3405 931 3464 dotali
945 3405 1116 3460 matrimonio
1127 3407 1322 3476 rempublicam
1333 3417 1382 3462 tes·

302 3482 549 3549 tamentolegatam
560 3481 762 3534 sibiobtinerct.
795 3483 918 3536 Audierit
927 3483 982 3536 duo
993 3484 1074 3546 Decii
1082 3484 1326 3550 servireeoseiver,
1338 3489 1382 3556 qui
1460 3459 1461 3528 l

302 3566 334 3613 ut
345 3560 466 3613 hostibus
473 3560 642 3628 imperarent,
651 3561 769 3614 victoriae
781 3577 810 3612 se
819 3562 991 3616 devorerunt.
1027 3563 1130 3616 Audiet
1137 3562 1167 3614 C.
1179 3562 1285 3616 hierius
1293 3564 1379 3634 impu·

302 3640 365 3694 dico
376 3641 486 3693 domino
495 3655 588 3708 parere
599 3655 656 3704 nos,
668 3641 715 3709 qui
723 3656 758 3693 nc
766 3640 881 3693 militem
892 3639 1001 3708 quiriani
1017 3639 1116 3704 habere
1136 3641 1219 3696 uoluit
1233 3643 1288 3698 uisi
1306 3644 1380 3713 pudi-

301 3733 374 3771 cum.
411 3711 514 3772 Audiet
524 3718 627 3771 Brutus
645 3735 708 3772 eum
725 3719 864 3787 populum,
876 3734 955 3786 quem
977 3719 1035 3787 ipse
1054 3719 1150 3786 prime
1165 3723 1225 3790 post
1245 3722 1379 3790 prugeuies

302 3793 362 3861 ejus
370 3812 387 3846 a
398 3797 504 3864 regibus
515 3797 646 3861 liberavit,
657 3813 705 3866 pro
717 3797 789 3865 turpi
801 3802 893 3865 stupro
902 3799 995 3850 datum
1005 3797 1033 3849 in
1045 3799 1212 3852 seruitutem.
1249 3801 1318 3865 Quae
1326 3803 1379 3869 qui-

301 3873 364 3924 dem
385 3875 407 3925 si
425 3877 499 3928 nullo
519 3877 580 3940 alio,
599 3893 641 3930 me
664 3881 754 3928 tameo
772 3876 936 3930 internuntio
952 3877 1064 3929 adillos
1084 3879 1207 3930 celeriter
1225 3879 1378 3932 delerentur.

301 3951 374 4004 Narn
384 3953 406 4003 si
418 3953 493 4006 vivus
504 3954 557 4006 ista
565 3955 750 4022 subterfugere
762 3969 815 4005 non
829 3959 930 4022 potero,
942 3971 1070 4008 unacum
1082 3956 1142 4008 istis
1153 3957 1236 4010 vitam
1253 3956 1330 4010 simul
1344 3957 1378 4008 lu·

301 4046 364 4098 gere
376 4030 494 4082 decrevi.
1460 4037 1461 4066 l

298 4224 323 4264 et
333 4217 421 4280 magnis
429 4215 550 4265 honoribus
559 4217 693 4274 destinasse,
706 4235 754 4283 quo
766 4220 825 4270 duce
834 4223 966 4286 compositis
976 4223 1084 4276 civilibus
1096 4227 1163 4280 bellis
1175 4244 1271 4278 aureum
1281 4229 1372 4280 saudan

297 4290 398 4338 futurum
409 4300 477 4356 esset.
509 4289 576 4339 Talia
586 4292 692 4353 quadarn
702 4295 788 4342 cecinit
804 4293 924 4358 Virgilius,
938 4311 982 4346 nec
999 4298 1084 4350 desunt
1094 4301 1136 4365 qui
1156 4302 1259 4352 reseram
1271 4303 1301 4350 sd
1321 4303 1372 4350 hnc

299 4361 431 4421 Octavium,

584 4453 635 4502 Jom
646 4472 700 4503 nouo
709 4463 820 4522 progenies
830 4463 881 4510 culo
891 4464 1015 4512 deoittitur
1024 4467 1077 4520 ulto,

584 4527 649 4577 Coro
655 4526 712 4592 foce
724 4531 818 4580 uerna.
1045 4593 1050 4606 ἱ
1200 4545 1343 4590 drausnos.
