2992 5017
362 309 945 370 ORATIONESSUPPOSITAE.
1039 267 1043 275 Ι
1120 315 1189 386 671

104 469 224 528 quorum
235 460 412 525 cursantque
428 456 533 508 animus
545 455 649 517 anobis
661 455 816 524 abhorrent)
833 472 933 524 perque
949 456 1081 528 fonunam
1096 461 1189 530 populi

103 536 226 590 Romani
235 535 310 604 (quta
321 550 476 604 quanquam
488 534 566 588 nobis
577 534 672 588 infesta
682 538 733 598 est,
744 533 795 588 fuit
810 534 954 603 aliquando
969 537 1092 606 propitia,
1103 543 1140 603 et,
1156 543 1189 591 ut

103 630 194 682 spero,
201 614 293 667 futura
302 612 356 680 est)
366 613 427 682 quis
439 616 495 665 tam
507 628 603 681 expers
623 612 805 677 humanitatis,
822 613 881 682 quis
899 611 979 678 hujus
995 615 1068 668 urbis
1086 618 1188 670 nomini

103 707 141 744 ac
153 691 262 745 sedibus
271 690 435 759 usqueadeo
444 693 485 743 est
497 690 639 763 inimicus,
658 697 690 744 nt
712 693 764 743 ista
784 697 832 743 eut
853 691 1020 744 dissimulare
1034 695 1126 760 possit,
1140 699 1189 748 aut

104 785 165 823 nou
176 769 283 823 dolere?
301 773 356 836 aut,
368 769 391 822 ai
403 770 480 823 nulla
487 763 590 822 ratione
600 768 715 838 publicis
731 769 911 822 incommodis
923 770 1023 822 mederi
1034 777 1123 841 queat,
1134 789 1188 826 non

103 853 193 901 morte
204 849 341 918 proprium
352 848 503 918 periculum
516 849 602 901 vitet?
619 849 689 901 Nam
702 852 733 899 ut
743 847 832 898 ordiar
843 847 878 898 ab
895 847 979 915 initio,
996 851 1024 898 et
1041 851 1187 916 perducam

105 925 144 977 ad
163 925 323 992 eitremam,
344 931 373 979 et
400 927 546 980 norissima
563 927 696 980 conferam
715 924 816 993 primis,
835 941 896 994 quae
914 940 974 977 non
987 927 1116 994 posterior
1132 927 1190 980 dies
1294 961 1296 966 ·

105 1004 229 1057 acerbior
239 1005 342 1073 priore?
358 1008 387 1058 et
396 1021 457 1074 quae
469 1021 524 1059 non
535 1007 678 1074 insequens
689 1004 755 1057 bora
766 1004 943 1056 antecedente
954 1005 1132 1058 calamitosior
1142 1021 1189 1076 po-

104 1084 175 1151 pulo
189 1083 312 1136 Romano
328 1083 434 1136 illuxit?
452 1083 494 1136 M.
503 1085 650 1150 Antonius,
666 1082 706 1136 vir
723 1078 805 1135 animi
813 1083 923 1134 maximi
932 1082 1139 1150 (utinametiam
1148 1100 1189 1136 se-

104 1161 208 1230 pientia
226 1162 321 1214 consili
335 1160 455 1228 fnisset!)
474 1163 504 1214 C.
517 1162 633 1226 Caesare,
652 1160 802 1226 fortissime,
815 1159 862 1212 sed
873 1174 967 1228 parum
980 1161 1098 1226 feliciter,
1111 1179 1128 1213 a
1139 1163 1190 1215 rei-

101 1239 223 1309 publicae
236 1240 418 1293 dominatione
431 1236 577 1305 sum'moto,
587 1239 764 1312 concupierat
779 1239 865 1306 magis
882 1239 994 1307 regium,
1010 1255 1092 1308 quam
1101 1239 1186 1293 libera

105 1320 204 1371 civitas
213 1321 271 1388 pati
281 1321 394 1387 poterat,
407 1319 595 1387 principatum
631 1318 772 1371 Publicam
782 1315 948 1384 dilapidabat
958 1318 1111 1386 pecuniam,
1122 1335 1188 1371 aera·

105 1397 178 1450 rium
189 1395 373 1464 exhauriebat,
385 1397 522 1450 minuebat
532 1397 681 1465 vectigalia,
697 1393 816 1448 donabat
834 1393 956 1447 civitates
975 1411 1010 1448 ex
1024 1401 1188 1449 commenta-

106 1477 163 1532 rio:
182 1477 357 1546 Dictaturam,
364 1477 488 1544 gerebat;
505 1477 578 1544 leges
589 1474 759 1545 imponebat;
770 1472 929 1540 prohibebat
939 1473 1189 1526 dictatoremcreari

105 1554 266 1622 plebiscito;
283 1553 340 1621 ipae
351 1554 480 1622 regnabat
488 1556 517 1608 in
526 1555 681 1609 consulatu:
700 1552 849 1620 provincias
860 1567 931 1604 unua
943 1567 1035 1605 omnes
1046 1554 1189 1622 concupie-

105 1633 165 1685 bat.
202 1632 255 1685 Cui
265 1631 390 1684 sordebat
399 1631 714 1701 Macedoniaprovincia,
723 1645 805 1699 quam
816 1630 958 1683 sictoraibi
971 1635 1119 1699 sumpserat
1129 1632 1191 1684 Ce-

107 1727 160 1781 sar,
175 1711 240 1781 quid
260 1709 295 1764 de
313 1709 366 1762 boc
385 1725 500 1779 sperare,
518 1716 566 1763 aut
582 1715 741 1778 exspectare
757 1724 806 1760 nos
818 1709 975 1776 oportebat?
1010 1709 1147 1762 Exstitisti
1158 1713 1188 1762 tu

49 1832 56 1848 ,
107 1790 209 1842 vindex
227 1791 326 1840 nostrae
344 1787 485 1854 libertatis,
496 1791 527 1840 ut
543 1792 608 1841 tunc
621 1788 738 1856 quidem,
748 1786 875 1855 optimus,
888 1787 973 1855 (quod
984 1788 1088 1840 utinam
1099 1805 1188 1856 neque

108 1870 201 1919 nostra
214 1881 263 1919 nos
279 1865 379 1934 opinio,
394 1882 484 1937 neque
500 1869 550 1919 tua
559 1867 626 1920 fides
636 1865 774 1918 fefellisset
783 1865 803 1935 Ι)
814 1869 842 1916 ct
853 1865 985 1920 scaonis
995 1867 1023 1918 in
1033 1882 1117 1920 unum
1126 1883 1190 1920 con-

110 1944 207 2012 ductis,
217 1953 246 1997 et
256 1943 362 1999 duabus
370 1944 521 2012 leglouibsn
531 1944 673 2014 apernicie
681 1946 775 2012 patriae
789 1945 823 1996 ad
836 1944 950 1998 salutem
963 1946 1088 2010 arceatis,
1101 1945 1190 2000 subito

108 2037 192 2094 prope
209 2022 268 2090 jam
286 2021 411 2076 affectam
431 2039 463 2076 ac
481 2028 642 2092 prostratam
655 2022 850 2093 rempublicam
868 2023 922 2074 tuis
943 2023 1039 2092 opibus
1062 2023 1191 2076 extulisti.

110 2102 183 2165 Quae
201 2101 251 2155 tibi
268 2117 331 2167 non,
349 2105 411 2176 ante
430 2117 512 2170 quem
530 2104 686 2171 mulares,
704 2101 806 2168 majora
824 2116 904 2171 quam
919 2102 1008 2168 velles,
1019 2102 1098 2171 plura
1109 2119 1190 2172 quam

109 2195 239 2252 sperares,
250 2181 347 2233 detulit
361 2183 488 2233 senatus?
506 2181 590 2234 Dedit
606 2181 700 2247 fasces,
716 2185 747 2232 nt
763 2195 827 2232 cum
846 2180 1005 2231 auctoritate
1024 2179 1190 2234 defensorem

109 2258 229 2323 baberet,
237 2275 292 2312 non
304 2262 335 2311 nt
345 2258 459 2328 imperio
471 2276 503 2314 se
512 2261 653 2314 adversm
665 2264 787 2313 armaret.
824 2257 981 2325 Appellavit
995 2258 1190 2330 imperatorem,

47 2379 55 2391 .
109 2337 229 2390 bostium
246 2338 369 2391 exercitu
384 2338 470 2406 pulso,
489 2338 610 2391 tribuens
626 2338 763 2406 honorem,
775 2352 830 2390 non
846 2341 877 2388 ut
892 2352 941 2402 sua
959 2335 1036 2388 caede
1047 2351 1135 2388 caesus
1146 2336 1192 2387 ille

109 2415 216 2483 &mens
226 2415 360 2468 exercitus
371 2419 399 2468 te
410 2417 563 2468 nominaret
571 2417 769 2485 imperatorem.
805 2415 935 2467 Decrevit
955 2414 983 2466 in
996 2413 1054 2466 foro
1065 2416 1191 2478 statuam,

109 2493 202 2546 locum
210 2493 239 2546 in
249 2497 354 2558 senatu,
365 2509 501 2544 summum
511 2493 640 2545 bonorem
649 2499 712 2546 ante
725 2496 840 2562 tempus.
861 2493 889 2545 Si
901 2491 967 2561 quid
977 2491 1050 2544 aliud
1060 2496 1109 2556 eat,
1118 2493 1191 2560 quod

109 2569 169 2622 dari
180 2570 273 2640 possit,
284 2570 375 2624 addat.
410 2567 485 2632 Quid
496 2570 564 2622 alins
575 2575 616 2622 est
626 2571 723 2638 majos,
735 2571 808 2641 quod
821 2571 887 2624 velis
899 2573 1020 2644 sumere?
1041 2571 1089 2624 Sin
1100 2575 1191 2624 autem

109 2665 192 2718 supra
203 2653 320 2712 miamin,
331 2663 413 2715 supra
423 2648 656 2714 concasnomen,
662 2664 743 2717 supra
754 2652 837 2702 etiam
850 2650 1038 2704 mortalitatem
1051 2653 1134 2714 mam,
1143 2649 1193 2702 tibi

110 2729 274 2781 suntcmnis
283 2727 403 2780 tributa:
421 2741 470 2779 cur
480 2729 529 2778 aut
546 2727 666 2794 ingratus
678 2725 830 2792 crudeliter,
848 2719 897 2780 aut
912 2728 1052 2779 immemor
1069 2726 1193 2779 beneficii

109 2807 240 2859 scelerate
249 2803 443 2856 cucumscribis
451 2805 593 2856 senatum?
620 2803 683 2867 Quo
693 2809 722 2856 te
733 2805 873 2857 misimus?
891 2823 908 2858 a
924 2804 1021 2875 quibus
1037 2806 1192 2858 reverteris?

110 2891 207 2938 contra
215 2899 285 2953 quos
293 2883 471 2935 armavimus?
487 2882 585 2951 quibus
592 2897 667 2934 mma
675 2883 778 2950 cogitas
789 2884 899 2936 inferre?
910 2901 926 2936 a
936 2883 1033 2953 quibus
1042 2885 1190 2936 exercitum

85 2969 96 2989 “
112 2963 244 3019 abducis?
262 2964 369 3029 etquos
381 2961 508 3014 adversus
520 2963 606 3015 aciem
616 2962 712 3013 struis?
747 2962 803 3014 Cur
819 2961 903 3015 hostis
921 2963 1101 3031 relinquitur?
1119 2962 1191 3014 cives

113 3042 198 3095 bostis
209 3043 270 3095 loco
280 3039 406 3109 ponitur?
422 3045 471 3091 cur
479 3044 566 3094 castra
577 3039 669 3093 medio
681 3039 775 3092 itinere
784 3039 890 3107 longius
903 3041 1118 3110 ¹adversariorum
1134 3056 1193 3092 cas·

112 3119 161 3173 tris
171 3120 316 3189 etpropius
327 3117 421 3171 urbem
432 3120 592 3172 morentur?
609 3119 635 3170 0
644 3133 688 3170 me
697 3133 834 3187 nunquam
847 3120 1003 3189 sapientem,
1011 3122 1039 3171 et
1048 3119 1193 3189 aliquando

111 3198 152 3264 id,
163 3198 236 3266 qdod
246 3213 300 3250 non
309 3213 391 3263 mam,
400 3196 498 3249 frustm
509 3197 707 3251 exnsmstumt
737 3196 877 3261 Quantum
888 3203 925 3264 te,
943 3198 1042 3267 popule
1062 3197 1192 3263 Romane,

113 3277 150 3329 de
158 3292 203 3329 me
211 3275 304 3328 fefellit
314 3274 420 3345 opiniol
445 3274 470 3327 0
490 3292 579 3329 meam
592 3275 777 3329 calamitosam
788 3291 820 3327 ac
831 3277 998 3345 praecipitem
1010 3280 1175 3329 senectutem
1186 3277 1193 3328 l

113 3354 141 3407 Ο
151 3355 258 3422 turpem
269 3353 546 3423 exactadamentique
556 3357 638 3406 satum
649 3352 797 3406 caniciem!
816 3353 877 3421 Ego
887 3359 976 3421 patres
988 3356 1151 3422 conscriptos
1159 3352 1193 3404 ad

113 3431 285 3502 parricidium
296 3430 408 3484 induxi:
426 3447 478 3499 ego
491 3432 684 3500 rempublicam
695 3430 790 3485 fefelli:
809 3447 859 3499 ego
868 3430 927 3499 ipse
938 3437 1060 3483 senatum
1073 3431 1123 3483 sibi
1137 3446 1195 3483 ma-

54 3503 59 3511 ’
113 3527 167 3564 nus
177 3511 269 3564 afferre
278 3510 365 3578 coegi,
374 3525 437 3562 cum
453 3514 480 3561 te
495 3510 644 3562 lunonium
653 3525 776 3579 puerum,
798 3514 827 3561 et
842 3510 933 3562 matris
955 3513 1010 3562 tum
1027 3515 1133 3578 partum
1147 3525 1196 3562 au·

114 3588 337 3643 reum'essedixi.
373 3589 413 3641 At
424 3591 451 3640 te
469 3588 526 3640 fata
542 3589 635 3656 patriae
657 3590 783 3642 Paridem
800 3589 919 3642 futurum
935 3588 1127 3658 predicabant,
1147 3588 1195 3656 qui

111 3673 232 3741 sastmes
240 3666 333 3719 urbem
342 3665 477 3730 incendio,
487 3664 596 3738 ltaliam
604 3665 682 3731 bello,
694 3669 740 3737 qui
753 3670 840 3720 castra
851 3668 879 3719 in
893 3667 999 3739 templis
1017 3667 1127 3720 deorum
1142 3667 1193 3719 im·

114 3747 276 3813 mortalium,
283 3748 407 3798 senatum
416 3744 444 3796 iu
455 3745 557 3798 Castris
564 3743 704 3798 babituros
714 3763 795 3800 essea.
832 3745 857 3798 Ο
877 3746 1010 3809 miseram,
1029 3751 1056 3798 et
1074 3745 1103 3798 in
1120 3745 1197 3799 brevi

155 3885 288 3948 Novissime]
317 3886 398 3933 Falsus
409 3894 446 3934 sat
456 3889 485 3934 Α.
493 3884 590 3941 Gellius,
601 3887 640 3946 qui
649 3888 745 3949 scripsit
752 3905 802 3952 esp.
813 3891 852 3938 21.
861 3889 901 3937 lib.
909 3890 945 3936 X.
956 3891 1082 3938 moissimus
1093 3897 1116 3936 et
1127 3892 1200 3938 neob-

114 3965 165 4011 sa'sus
175 3959 312 4009 abstinuisse
320 3958 465 4016 Ciceronem,
476 3958 531 4022 quis
540 3974 587 4005 non
599 3974 650 4006 asse
660 3960 767 4007 batim
773 3960 893 4022 judicaret.
910 3961 989 4009 lours.
1023 3961 1069 4010 Sed
1080 3962 1152 4010 falsus
1163 3969 1200 4009 est

114 4036 231 4085 Strsbssus
240 4033 299 4094 ipsa,
308 4032 348 4094 qui
359 4033 408 4080 bec
418 4033 505 4094 putarit
514 4048 527 4079 e
535 4030 646 4078 Tullianis
654 4033 755 4080 fontibus
764 4049 863 4081 manare.
896 4035 1006 4083 Osrvar.

154 4107 279 4156 romeon
294 4106 401 4169 pueram]
419 4105 557 4154 Plutarchus
573 4103 598 4151 in
614 4103 663 4152 vita
671 4105 709 4153 M.
722 4105 839 4155 Ciceronis
856 4108 900 4156 boc
920 4108 970 4172 ejus
989 4107 1061 4157 refert
1076 4109 1198 4156 somnium.

117 4181 274 4244 Perquietem
283 4178 362 4226 ridere
374 4179 494 4228 videbatur
504 4192 588 4242 pueros
599 4177 681 4225 mnas
689 4179 781 4226 adstare
792 4179 847 4228 Jcri
859 4178 1001 4244 Capitolino.
1025 4178 1116 4242 Jupiter
1127 4195 1198 4228 unuru
1230 4181 1236 4194 '

116 4253 260 4303 nomnibus
270 4252 374 4300 mxime
381 4253 474 4300 intuens
482 4252 566 4316 inquit,
573 4249 621 4298 istc
631 4250 738 4315 princeps
750 4251 825 4300 factus
836 4252 903 4300 bellis
918 4253 1023 4301 civilibus
1042 4251 1135 4298 modum
1155 4251 1199 4300 irn-

116 4332 197 4394 pcnet.
230 4325 322 4384 OEoero,
339 4326 380 4390 qui
398 4341 496 4391 puerum
511 4340 559 4372 non
576 4331 732 4388 cognosceret,
743 4323 793 4387 ejus
804 4325 902 4388 effigiem
910 4325 1025 4388 impressit
1035 4323 1121 4380 animo,
1136 4340 1201 4371 cnm-

119 4419 164 4467 que
174 4399 279 4448 reabset
285 4399 310 4447 in
320 4415 427 4465 campum
434 4400 556 4454 Martium,
571 4399 612 4447 ubi
622 4398 684 4445 ludis
694 4399 858 4446 exmcebantur
869 4399 943 4461 pueri,
954 4413 1008 4446 eum
1024 4411 1093 4460 quem
1110 4397 1201 4444 viderat

119 4477 144 4524 iu
154 4489 234 4528 minuo
243 4486 341 4540 puerum
351 4473 461 4538 agnovit:
478 4473 573 4537 quinam
583 4479 644 4521 esset
653 4470 751 4534 rogavit,
762 4485 789 4518 ac
800 4470 890 4518 didicit.
924 4471 976 4519 lloc
997 4469 1085 4517 somnio
1102 4484 1203 4518 commo-

120 4556 164 4606 tus,
174 4548 233 4598 dixit
238 4548 301 4597 bunc
311 4561 405 4612 puerum
412 4545 547 4604 Juuouium,
557 4561 626 4611 quem
634 4550 770 4594 nascentem
778 4541 793 4591 J
796 4557 840 4592 unc
849 4542 937 4594 Lucina
945 4543 1066 4593 videbatur
1073 4542 1204 4607 adoptasse,
