2992 5017
214 500 223 512 ’
272 463 709 628 uereborcouu
732 534 986 624 urceum
1007 531 1355 626 Houruusrr.

494 825 543 877 DE
561 827 608 878 ml
627 821 874 876 monuments
890 821 1127 879 Romoeurs.

315 1257 436 1314 LIBER
446 1253 1358 1320 tertiuadoousatiooirtoturestderetmmeotariabooesldeim·
1480 1315 1481 1322 .

281 1339 324 1403 tia,
334 1339 432 1408 quibos
441 1337 542 1391 Verres
554 1338 672 1391 detraxit
680 1339 712 1392 de
722 1338 833 1401 eilardu
840 1341 872 1390 ut
882 1335 921 1388 ait
932 1335 1036 1398 cicero,
1043 1333 1075 1384 de
1082 1331 1156 1398 urta,
1164 1333 1195 1384 de
1205 1331 1259 1386 vite
1266 1331 1359 1388 εἴη·

276 1419 358 1490 gaiae
363 1415 455 1488 populi
462 1414 584 1469 Rumori.
618 1416 676 1469 Ista
686 1433 730 1470 me
737 1417 943 1476 admonuerunt,
954 1415 986 1465 ut
995 1411 1075 1480 paulo
1089 1410 1252 1480 dIIIgentins,
1262 1411 1292 1464 in
1303 1429 1360 1466 rem
1480 1453 1481 1466 .

276 1493 477 1548 frumentariam
507 1493 692 1547 Romanorum
717 1492 896 1564 inquirerem
911 1506 969 1544 rem
987 1488 1139 1568 cognitione
1161 1489 1314 1556 jucundam
1331 1495 1360 1544 et
1480 1501 1481 1520 ³

278 1575 381 1638 utilem,
393 1572 509 1626 intuenti
526 1571 625 1642 quibus
642 1572 744 1626 artibus
756 1571 855 1642 populo
866 1559 948 1640 prope
959 1568 1090 1621 immenso
1100 1567 1189 1632 victua
1200 1568 1259 1622 siue
1270 1569 1360 1624 labore
1480 1569 1481 1630 l

278 1653 494 1719 eompararetor3
511 1654 540 1702 et
550 1647 721 1719 quamjuuta
732 1651 788 1703 siut
798 1650 924 1722 querelae,
936 1662 1004 1717 quas
1021 1645 1129 1698 assidue
1144 1644 1252 1702 'I'uliius
1270 1647 1360 1717 deplo-
1480 1649 1481 1720 f

278 1745 337 1783 rare
345 1729 415 1782 solet
425 1730 461 1781 de
472 1743 565 1781 averso
574 1727 666 1782 Sioulo
677 1727 820 1796 frumento,
830 1731 860 1782 et
877 1727 911 1781 de
930 1725 1048 1779 remissis
1060 1723 1157 1778 Clodia
1169 1725 1231 1796 lege
1246 1727 1361 1782 semissi-
1480 1741 1481 1754 *

279 1807 339 1874 bos,
353 1823 387 1862 ao
397 1806 547 1860 trientibus.

313 1885 349 1938 ln
360 1887 519 1953 argumento
530 1883 611 1938 simili
619 1886 718 1941 versati
728 1889 793 1939 aunt
800 1884 865 1938 olim
875 1883 902 1938 t.
914 1883 1034 1952 Lipsius,
1053 1883 1082 1934 et
1097 1880 1228 1938 Virroerrt.
1262 1881 1361 1938 coum

277 1978 375 2026 reuus3
391 1961 516 2032 quedam
526 1963 561 2015 ab
570 1961 630 2026 illo;
649 1963 683 2016 ab
692 1963 744 2016 boe
755 1979 819 2018 vero
828 1977 979 2032 uonpauea
988 1959 1041 2014 Iruo
1053 1958 1187 2014 transtuli
1202 1955 1205 1966 '

313 2039 439 2108 Hujuaoe
448 2039 637 2108 disputationis
647 2039 709 2094 isaeo
719 2047 800 2095 erunt
808 2041 907 2111 eapite.
921 2040 945 2095 Ι.
956 2039 1051 2107 Populi
1063 2037 1180 2093 Romani
1189 2035 1361 2110 parcimonia.
1480 2049 1481 2060 ¹

277 2117 317 2174 Π.
327 2116 435 2174 Deiode
444 2117 562 2173 avaritia.
571 2118 627 2173 111.
639 2117 787 2173 Frumento
798 2124 890 2194 empto
902 2123 932 2172 et
947 2117 1074 2185 vectigali
1091 2117 1210 2187 populus
1223 2116 1363 2171 Romanus

277 2195 415 2250 utebatur.
448 2195 501 2250 1v.
512 2195 700 2266 largitionum
708 2197 939 2252 frumentariemm
951 2197 1026 2266 origo
1037 2200 1066 2248 et
1077 2211 1169 2250 eausa
1203 2195 1241 2249 V.
1263 2196 1362 2248 PrImar

278 2275 442 2345 largitiones.
475 2274 528 2329 VI.
540 2275 629 2344 leges
644 2277 834 2332 frumentariae.
853 2280 877 2330 l.
895 2273 1020 2328 Gracchi.
1036 2277 1062 2327 2.
1081 2273 1185 2328 Incerti
1201 2274 1325 2327 erretoria
1336 2277 1364 2328 3.

278 2353 406 2424 Apuleia.
412 2357 440 2407 4.
448 2353 536 2407 livia.
547 2357 574 2408 6.
584 2353 828 2408 Terentiacaeso.
839 2358 866 2409 6.
877 2353 1161 2408 denatura-consultum
1170 2353 1362 2407 Catonianum.

274 2438 306 2507 7.
318 2433 350 2488 P.
361 2432 457 2487 Clodii
470 2431 538 2486 vn.
549 2433 653 2488 Modus
662 2432 790 2486 frumeuti
798 2433 846 2502 qui
856 2431 979 2486 dabatrrr.
1008 2431 1054 2484 Au
1065 2431 1180 2485 viritimi
1195 2429 1278 2484 vlu.
1304 2429 1361 2494 Qui

279 2511 456 2582 incipiebant,
465 2516 494 2565 et
502 2511 650 2581 quomodo.
660 2511 718 2565 lx.
736 2511 874 2566 Numerus
884 2509 1083 2578 accipientium.
1112 2509 1152 2564 X.
1169 2509 1309 2562 Curatores
1319 2507 1360 2561 rei

277 2591 470 2645 frumentariae.
487 2589 544 2646 xl.
561 2591 613 2644 Per
629 2605 697 2661 qnos
708 2589 873 2646 trumentum
893 2586 1109 2644 distribuebatur.
1126 2586 1196 2642 ΧΠ.
1212 2584 1359 2640 Ρωπίηοὶιε
1479 2629 1480 2642 .

314 2749 340 2804 1.
357 2748 457 2803 Primis
467 2747 633 2818 temporibus
644 2745 813 2802 summafrrit
825 2747 1009 2802 Rornanorum
1024 2746 1197 2814 parcimonia.
1232 2745 1304 2800 Bina
1319 2745 1364 2814 jn·

279 2845 345 2899 gera
353 2829 389 2881 ad
399 2826 527 2881 alendam
536 2827 665 2880 familiam
676 2830 753 2880 eraut
761 2825 841 2880 satis:
858 2825 926 2878 nulli
942 2823 996 2876 eiii
1015 2823 1145 2892 majorem
1165 2841 1291 2894 agnorum
1308 2841 1367 2878 mo-

280 2908 348 2961 dum
357 2907 493 2960 Romulus
501 2905 632 2960 attribuit.
655 2905 699 2959 M.
712 2905 788 2962 clod
794 2912 856 2978 port
865 2900 1015 2974 triumphos,
1025 2901 1224 2974 irrumpo
1235 2913 1368 2956 terrm

280 2984 409 3057 epm
426 2984 612 3054 imperium
628 2983 714 3038 roario
730 2993 783 3058 eat:
800 2979 972 3054 perniciosum
984 2979 1096 3052 intelligi
1113 2981 1200 3048 eoem,
1218 2983 1369 3056 αάκμαι

273 3061 605 3137 jagmaorrrrffoereas:
622 3059 1061 3134 quammaplebiportexaotor
1076 3077 1151 3132 reges
1168 3061 1304 3133 assr'ganra
1320 3071 1368 3116 ert.

281 3141 352 3196 Plio.
363 3137 478 3195 XVIII
486 3142 513 3194 2
524 3143 553 3192 et
562 3143 589 3194 3.
626 3139 678 3192 iiis
695 3141 816 3194 moribus
825 3155 879 3194 non
887 3140 969 3193 modo
981 3138 1152 3194 sufficiebant
1162 3140 1254 3210 fruges
1263 3143 1370 3196 ἀοωα-

280 3221 355 3284 treoe,
365 3217 646 3286 nabaprovineiarum
660 3223 790 3287 paroente
806 3217 923 3284 ltaliam,
941 3235 1034 3272 verum
1051 3220 1134 3274 etiam
1148 3229 1265 3274 annonae
1280 3221 1370 3274 uilitas

281 3296 446 3352 inoredibilia
457 3299 524 3349 erar.
541 3294 614 3350 Ibid.
646 3295 775 3350 Testatur
788 3297 926 3366 Polybius,
934 3297 975 3351 11.
988 3301 1030 3352 15.
1044 3297 1126 3352 etiam
1143 3302 1226 3352 rehtu
1246 3315 1296 3353 sua
1311 3316 1370 3353 me·

282 3377 406 3432 dimnum
416 3375 548 3440 Siculum,
559 3389 615 3428 non
626 3389 690 3428 rere
700 3375 820 3438 modim
832 3379 865 3428 ut
875 3375 1052 3430 Caaaubunus
1061 3376 1149 3446 vertit,
1161 3375 1298 3433 Budoenrn
1305 3395 1369 3448 per-

279 3471 374 3527 peram
383 3457 503 3520 seeutor,
512 3454 619 3507 venisse
628 3453 715 3526 obolis
725 3458 857 3523 quatuor;
875 3455 945 3508 Gall.
958 3455 1017 3526 einp
1025 3453 1084 3511 rolr.

316 3536 358 3592 11.
373 3535 429 3591 Sed
440 3534 488 3588 ubi
502 3533 616 3587 avaritie
633 3533 791 3604 etluaurie
808 3535 837 3586 in
855 3533 1050 3604 rempnbbuam
1064 3533 1258 3602 immigraret,
1274 3551 1368 3590 rerum

265 3615 575 3670 ‹Merimuuoeat
611 3611 711 3665 Nullus
731 3627 855 3678 agronrru
871 3611 1057 3666 habendorum
1072 3613 1170 3668 modus
1182 3613 1243 3668 luit.
1277 3613 1372 3684 leges

280 3692 399 3746 ierendur
410 3693 528 3758 luerunt,
537 3691 636 3761 quibus
645 3689 781 3759 cupiditas
791 3695 969 3756 coerceretur,
979 3695 1007 3744 et
1015 3690 1113 3744 modus
1127 3691 1281 3746 definiretur
1300 3694 1370 3762 agri.
1430 3681 1434 3689 ’

281 3787 366 3841 quem
373 3771 514 3826 Nobilium
526 3771 642 3840 quiaque
653 3769 811 3839 possideret.
847 3767 938 3835 leges
950 3783 1029 3822 rause
1044 3767 1160 3824 fuerunt.
1195 3768 1254 3840 Ipsi
1273 3787 1369 3826 earum

281 3849 584 3919 auetoresIneasprimi
591 3852 783 3919 peceaverunt.
800 3845 880 3901 Adeo
888 3845 956 3900 freni
963 3847 1107 3918 impatiens
1115 3847 1238 3916 flagravit
1245 3849 1367 3906 araride

281 3924 341 3982 ne.
351 3926 403 3981 Vl·
414 3931 458 3982 lili.
467 3927 543 3982 Piis.
554 3927 603 3980 ubi
613 3941 704 3994 supra.
717 3925 835 3997 Appios.
847 3921 922 3978 cluit
933 3923 958 3980 Ι.

315 4004 374 4060 III.
390 4005 501 4059 Interea
510 4002 684 4073 quantorum
695 4004 877 4073 potentiorum
895 4002 1025 4073 ampliora
1038 4003 1068 4058 iu
1085 4003 1144 4058 diea
1163 4003 1274 4074 debant,
1291 4011 1367 4061 tanto
1477 4041 1478 4046 κ

280 4081 449 4153 magisplebi
458 4082 601 4137 erescebat
611 4081 754 4136 difficultas
764 4081 946 4136 frumentaria
981 4082 1096 4136 Suberat
1107 4081 1274 4139 difficultatis
1289 4087 1368 4140 istius

280 4165 367 4218 alters
374 4177 467 4227 eausa,
478 4161 680 4215 distributiones
699 4161 821 4230 agrariae,
840 4176 902 4231 quer
920 4159 1065 4214 tribunitia
1086 4159 1250 4216 laodonibus
1269 4163 1369 4218 eonsti-

279 4246 358 4309 tntoe,
368 4241 568 4311 aliquantulum
576 4240 635 4310 opis
642 4240 748 4296 uiribus
756 4240 859 4310 aliquot
867 4239 1023 4302 afferebant,
1031 4255 1095 4293 eum
1105 4241 1196 4294 culmi
1205 4242 1368 4311 languerent

251 4364 254 4369 ,
277 4321 379 4391 inopia.
416 4319 491 4388 Ergo
502 4319 545 4373 lris
556 4319 635 4374 malis
644 4319 822 4390 quarendum
832 4317 883 4373 init
890 4318 1048 4373 remedium.
1074 4317 1115 4372 Ut
1126 4317 1310 4374 audioerentur
1320 4335 1368 4389 po·

277 4398 464 4470 puloeibsria,
476 4415 539 4468 quae
558 4398 693 4452 industria
709 4413 761 4450 sua
780 4397 832 4450 sibi
852 4412 946 4466 parare
965 4395 1024 4464 jam
1041 4395 1157 4466 amplius
1177 4413 1233 4452 non
1254 4401 1367 4470 poterat,

277 4482 387 4534 udatus
399 4477 502 4546 legatos
512 4477 541 4531 in
551 4475 692 4532 feraciores
701 4475 790 4530 ltaliae
801 4475 961 4545 provincias,
973 4475 1007 4530 ad
1020 4473 1233 4545 comparendum
1252 4477 1367 4532 bumen-
