2992 5017
167 1168 171 1176 .
258 1090 631 1199 Jossruus
706 1056 1062 1199 curvemus

476 1404 844 1489 LECTORI.

125 2078 228 2163 Posr
250 2094 430 2182 impensum
444 2109 466 2154 u
478 2096 528 2156 tot
542 2108 582 2153 sc
597 2086 697 2153 tentis
718 2086 799 2153 viris
821 2085 1020 2155 illustrando
1040 2087 1196 2155 Ciceroni

124 2204 285 2285 laborem,
298 2199 379 2291 quid
392 2220 455 2287 ogo
467 2218 560 2265 uovre
583 2194 733 2263 utilitatis
753 2196 898 2281 offemm,
922 2218 1033 2285 operor
1054 2198 1196 2285 pretium

125 2322 180 2381 est
193 2310 378 2379 declararer
401 2330 445 2377 ne
459 2309 533 2397 quis
547 2304 633 2373 forte
646 2312 705 2369 sut
717 2313 882 2391 expectet,
897 2328 972 2393 qum
986 2306 1065 2373 dore
1079 2306 1196 2386 nolui3

125 2434 197 2509 sut,
218 2446 293 2512 quae
315 2420 419 2505 volui,
444 2440 511 2487 nou
532 2438 578 2483 cx
603 2434 699 2503 equo
720 2414 870 2479 estimet
911 2415 983 2481 Res
1000 2427 1109 2483 eutem
1132 2422 1199 2485 erit
1271 2424 1279 2437 ‘

125 2533 313 2625 perspicus,
327 2530 424 2600 modo
443 2528 489 2616 id,
510 2526 601 2617 quod
624 2545 693 2615 proe
711 2544 747 2589 se
769 2524 834 2589 sert
854 2522 982 2609 titulos,
1004 2525 1198 2613 explicetur.

128 2644 278 2713 Primum
292 2641 416 2708 iudicet
430 2637 601 2707 Ciceronis
614 2635 745 2723 Opera:
766 2633 885 2700 deiude
902 2632 1202 2704 Comercrrtoriorum

127 2754 164 2821 iu
176 2775 217 2821 eo
229 2753 392 2820 deiectum.
432 2749 644 2839 Quapropter
658 2744 700 2811 de
715 2745 866 2843 utrisque
879 2743 996 2813 dicem.

172 2865 224 2933 Ac
250 2863 357 2953 primo
383 2858 517 2949 quidem
541 2856 583 2923 de
603 2851 789 2937 Ciceronis,
815 2864 853 2919 ut
876 2854 979 2944 vulgo
1005 2854 1200 2947 loquuntur,

129 2983 238 3043 ιιιιιιι
265 2994 365 3060 quem
378 2964 607 3059 representari
626 2986 725 3052 quom
739 2963 1014 3081 probatissimum,
1037 2975 1075 3035 ut
1088 2971 1202 3057 preci·

129 3106 206 3174 pue
219 3104 272 3149 res
286 3078 439 3147 utilitatis
453 3085 535 3157 erut,
550 3076 598 3143 its
610 3039 842 3141 difficultatis.
854 3074 960 3157 Quom
974 3077 1088 3145 multis
1100 3080 1201 3164 enim,

129 3216 230 3283 quem
255 3189 454 3263 deformibus
486 3184 612 3253 mendis
638 3192 785 3251 soeteout
809 3192 957 3255 veterum
985 3188 1202 3275 exemplario,

131 3326 230 3371 nemo
243 3301 365 3391 nesciit
387 3309 423 3366 ct
435 3296 609 3365 dolendum
622 3302 723 3379 certe,
745 3294 833 3361 houd
853 3295 1035 3365 mirandum
1048 3306 1109 3380 est,
1127 3321 1203 3367 cum
1236 3352 1246 3370 .

130 3416 230 3508 toties
242 3434 265 3479 ιι
277 3411 422 3481 librariis
436 3406 599 3497 exscripto
613 3408 689 3490 siut,
700 3426 767 3471 nou
777 3404 950 3505 locucionis
965 3407 1073 3490 modo,
1087 3409 1203 3499 quoles

129 3524 196 3613 jum
212 3530 309 3593 {etate
324 3520 443 3605 Tullii,
458 3518 500 3586 ds
513 3516 633 3607 quibus
646 3516 718 3605 ipse
732 3520 744 3557 ¹
757 3515 899 3605 quedam
913 3515 949 3583 in
963 3516 1104 3606 epistola
1124 3541 1205 3608 que.

135 3633 243 3720 ritor3
278 3630 347 3716 scd,
379 3650 453 3721 que
476 3628 696 3721 posteriorum
720 3624 785 3695 fuit
810 3635 994 3716 temporum
1019 3625 1203 3715 infeliciter,

135 3744 235 3811 etism
247 3742 427 3833 imperitis.¹

180 3852 373 3943 Quanquam
394 3834 474 3941 quiri
498 3862 580 3923 usos
600 3871 790 3918 commus
812 3847 977 3934 librarios,
1003 3848 1059 3921 uei
1078 3850 1122 3916 ab
1137 3850 1205 3917 ιιι»

134 3962 300 4033 homiuum
320 3984 442 4053 genere
463 3960 611 4051 profecte
630 3970 709 4028 sunt
728 3960 867 4050 flagitia,
890 3983 964 4051 que
977 3960 1123 4050 graviori
1136 3961 1207 4027 oni-

134 4072 360 4147 m'odversiooe
383 4074 485 4165 digno
503 4073 656 4141 oensem?
685 4070 984 4171 Abundebootisti
1005 4070 1137 4159 quidem
1156 4073 1205 4138 in·

133 4186 244 4274 genio,
266 4208 306 4253 ac
327 4184 493 4259 doctriua:
525 4182 583 4253 sed
605 4204 680 4250 cum
701 4182 844 4253 auctoris
859 4204 997 4259 ‚sensum
1018 4203 1040 4247 ιι
1060 4182 1128 4249 suis
1152 4183 1206 4254 vel

132 4296 333 4387 conjecturis
346 4294 402 4364 vel
414 4292 666 4365 ariolruonihus
680 4294 824 4382 pendere
837 4292 973 4379 vellent,
991 4314 1208 4382 quecumque

517 4460 524 4523 ,¹
540 4455 578 4507 ιιι
588 4458 618 4519 o.
628 4456 737 4512 mom,
748 4454 828 4505 urs.
