2992 5017
561 238 749 297 naeres.
1144 246 1211 313 165

99 378 229 432 defendit:
243 392 295 447 qua
306 378 514 446 derc·tempore
526 377 631 432 Cicero
668 388 696 436 et
706 384 741 437 tle
753 384 896 447 Andrisco,
914 386 971 438 sive
984 384 1152 439 Macedonis
1166 390 1212 441 tn·-

98 458 139 507 nis
150 456 270 512 exstabat
280 458 372 518 oratio,
393 462 426 509 ut
443 456 513 510 iufra
525 457 631 513 dicitnr.
668 462 816 530 umphavit,
827 462 1125 517 utostenditCiceroin
1135 465 1213 519 Orat.

98 534 179 589 loen.
216 574 219 581 .
669 540 696 591 iu
708 542 848 603 Pisonem
866 546 948 611 atque
959 542 1020 595 baec
1034 542 1144 611 quidem
1157 560 1215 595 om-

129 614 223 669 Folius
233 613 339 685 Pisscr]
351 616 408 678 Qui
415 614 508 681 tuerit,
520 628 557 665 nc
568 613 633 667 Gor·
670 619 715 671 uia
730 619 803 685 lecit,
820 635 883 672 cum
901 624 1001 689 prmlor
1018 626 1096 684 esset,
1114 626 1145 675 ut
1169 623 1215 675 lai-

95 694 170 747 ndns
181 695 292 764 quidem
311 695 392 747 Bruti
410 696 571 762 explanator
585 709 634 746 ex·
672 693 915 763 rina‚Paterculus,
924 692 953 751 et
962 704 1055 751 auctor
1067 700 1166 754 libelli
1179 701 1213 753 de

94 772 172 837 pouit.
200 772 395 837 Quamobrem,
410 770 635 839 etdelrocquod
673 770 747 825 Viris
764 774 865 827 illustr.
883 778 1011 829 scribunt.
1051 778 1132 832 Unde
1150 796 1216 848 cog-

94 849 228 916 sentimus,
247 851 410 920 aperiamus.
447 849 571 902 Fuerunt
586 849 635 915 igi·
673 850 793 902 noscitur
803 866 874 904 error
890 852 971 919 Fieri,
985 859 1013 905 et
1030 855 1148 922 aliorum,
1165 858 1215 927 qui

94 930 202 981 turbes
217 929 350 990 Pictores,
368 928 417 994 qni
431 926 589 991 litterarum,
607 929 635 979 et
674 927 790 980 eredunt
817 928 961 981 Metellum
990 935 1055 984 tuuc
1075 937 1215 989 consulem

92 1006 202 1073 quidem
222 1005 392 1074 antiquitatis
414 1003 567 1072 cognitione
588 1005 636 1057 tlo-
673 1007 765 1072 fuisse,
783 1021 847 1058 cum
864 1006 1054 1061 Macedoniam
1070 1013 1181 1077 domuit,
1199 1032 1215 1067 a

91 1086 203 1148 ruerint,
212 1086 250 1149 Q.
259 1083 364 1135 Fabius
374 1082 474 1147 Pictor,
487 1082 521 1135 N.
534 1082 635 1137 Fabius
672 1088 728 1154 qu'a
735 1084 919 1138 Macedonicus
927 1089 968 1136 est
975 1087 1128 1153 appellatus.
1136 1090 1216 1153 Quod

90 1160 300 1229 Pictonetser.
311 1161 414 1214 Fabius
421 1161 517 1214 Pictor.
536 1160 571 1225 Q.
582 1160 634 1215 Fa·
672 1165 695 1215 si
714 1164 808 1216 nullus
829 1163 942 1232 scriptor
963 1164 1120 1217 nominatim
1139 1169 1217 1235 dicat,

90 1238 152 1293 biua
182 1239 305 1295 omnium
336 1231 534 1310 antiquissimus
563 1239 633 1293 bello
671 1241 1218 1309 eurutnncprsetorcmluisse,exordine

90 1318 201 1372 Gallico
212 1318 358 1385 cisalpino,
374 1322 407 1371 ut
424 1317 461 1369 ait
471 1317 591 1375 Orosius.
605 1321 634 1370 ct
663 1317 762 1372 'nmen
773 1318 890 1372 historiae
899 1320 1123 1387 etteprporumid
1132 1320 1218 1388 ipsum

88 1396 271 1463 postEunieo
285 1396 364 1460 bello,
382 1395 512 1463 utiuqnit
528 1395 632 1460 Livius,
670 1399 867 1466 cognoscimus.
903 1396 975 1450 Livii
994 1400 1078 1449 aetate
1096 1400 1222 1454 exstabat

87 1472 222 1527 interfuit.
257 1473 302 1528 lix
318 1473 378 1541 ejus
391 1473 542 1527 Annalibus
557 1474 634 1527 lasti·
670 1476 755 1528 oratic
771 1474 887 1541 Metelli,
904 1491 987 1543 quam
1004 1474 1098 1527 Ceasar
1115 1475 1221 1543 Augus·

89 1552 132 1603 nis
141 1551 257 1619 Gellius,
275 1552 322 1605 lib.
340 1552 377 1605 V.
394 1568 453 1620 cap.
473 1558 500 1604 4.
512 1550 634 1605 testimo-
670 1559 723 1619 tus,
752 1571 814 1609 cum
842 1555 877 1607 dc
900 1552 1059 1606 maritandis
1081 1553 1221 1607 ordinibus

91 1631 165 1683 nium
177 1631 285 1700 proteri.
322 1630 429 1685 Idcirco
444 1635 545 1693 autem,
560 1630 633 1683 lari·
670 1638 770 1700 ageret,
781 1634 901 1686 veluteo
914 1638 1036 1701 tempore
1048 1632 1178 1701 scriptam
1193 1632 1220 1685 iu

91 1709 138 1772 sis,
154 1710 256 1773 addidi,
267 1714 300 1762 ut
311 1709 568 1777 eosrednrguerem,
586 1711 634 1778 qui
671 1716 767 1765 senatu
789 1711 920 1775 recitarit,
943 1715 974 1763 ut
997 1714 1114 1763 testatur
1136 1710 1218 1764 etiam

93 1786 161 1841 hunc
184 1788 220 1852 Q.
240 1788 358 1842 Fabium
378 1790 473 1842 Graece
498 1787 635 1855 scripsisse
671 1790 816 1841 Suetonius
838 1790 866 1841 in
887 1789 1028 1858 August03
1052 1805 1107 1857 quo
1125 1794 1218 1843 temen

93 1867 286 1921 curtismunt.
312 1867 348 1921 lu
360 1882 420 1935 quo
433 1866 544 1919 alterius
557 1866 635 1919 Fabii
670 1868 731 1920 loco
757 1868 916 1938 interpretes
944 1872 1042 1937 putant
1059 1871 1219 1927 ,orafiouem

94 1945 213 2012 Pictoris,
223 1945 391 2016 praenomine
402 1943 531 2009 Nemes,
543 1945 635 1998 simili·
671 1946 779 2000 Metelli
801 1948 948 2013 Numidici,
965 1963 1019 2001 nou
1042 1948 1218 2003 Macedonici

94 2024 197 2087 tudine,
210 2030 243 2077 ut
256 2026 349 2088 eredo,
367 2024 474 2093 decepti
492 2028 570 2077 suut:
588 2041 636 2077 cu·
671 2026 823 2094 significari,
834 2026 952 2080 Gellium
962 2028 1057 2091 seculi,
1075 2028 1122 2097 qui
1133 2028 1179 2081 lib.
1194 2029 1218 2084 l.

90 2102 137 2169 jus
147 2104 270 2157 meminit
280 2104 387 2168 Cicero,
403 2103 433 2155 iu
443 2103 490 2155 lib.
503 2102 527 2156 Ι.
539 2103 575 2156 de
587 2102 635 2155 Di·
672 2118 696 2155 c.
708 2104 835 2168 timulta,
844 2109 973 2172 tauquam
981 2122 1017 2157 ex
1026 2108 1147 2159 oratioue
1155 2107 1218 2161 Me-

93 2180 176 2234 viuat.
187 2196 247 2251 cap.
262 2186 305 2235 21.
329 2182 415 2235 ‚Sem
432 2184 522 2234 auteur
535 2181 636 2234 Fabius
671 2182 728 2234 telli
738 2182 887 2245 Numidici,
899 2181 1003 2236 recitat.
1033 2184 1085 2236 Sed
1098 2184 1142 2237 vel
1155 2185 1217 2238 Gel-

92 2258 194 2321 Pictor,
204 2276 285 2329 quem
293 2259 377 2331 juris,
390 2258 636 2329 aasuprdmtr'sbe-
672 2259 725 2312 lius
743 2259 850 2323 erravit,
869 2261 913 2313 vel
932 2260 1002 2311 male
1015 2260 1165 2329 descriptus
1176 2271 1217 2316 est
1234 2320 1235 2323 ,

92 2337 245 2409 nepessinus
252 2343 332 2413 rpcat
343 2338 448 2402 Cicero,
460 2338 483 2389 is
494 2342 545 2403 est,
556 2336 636 2403 cnjus
672 2336 750 2400 liber,
761 2342 789 2389 et
800 2338 883 2390 oratio
893 2332 996 2389 Metelli
1007 2336 1170 2401 Illeredoniei
1183 2341 1219 2392 le-

93 2420 216 2472 meminit
224 2416 383 2470 Macrobius
394 2417 441 2470 lib.
453 2416 510 2470 lll.
533 2414 636 2479 Primo,
673 2417 701 2483 gi
719 2416 816 2469 debet:
843 2415 884 2468 rel
908 2415 1054 2468 dicendum
1075 2414 1219 2471 Metellum

92 2493 186 2565 iuquit,
199 2493 406 2568 pontifiess'jmr's
414 2494 480 2548 libro
491 2496 562 2566 apud
573 2494 637 2548 Pie·
673 2510 782 2563 quoque
794 2492 972 2546 Numidicum
990 2508 1024 2547 ea
1035 2491 1070 2544 de
1082 2508 1112 2545 rc
1123 2494 1220 2545 oratio-

93 2572 503 2645 toresrkoeverbrnnporr'tsmrest,
513 2572 633 2627 Vitulari.
672 2588 736 2626 uem
748 2572 876 2641 scriptam
887 2572 1035 2640 reliquisse.
1053 2571 1141 2624 luen.

94 2652 370 2709 litNouius:Faliss
381 2649 569 2706 Pictorrerum
577 2670 636 2722 ger·
708 2649 861 2705 Concilarer
880 2646 1006 2721 suerum]
1032 2648 1155 2703 Fuerunt
1183 2650 1222 2703 illl

94 2732 346 2804 tnreslr'bropn'ruo
352 2767 464 2786 .......
481 2732 637 2803 Ialerujssria
672 2729 783 2799 quidem
796 2729 959 2793 consulares,
974 2735 1006 2781 ut
1020 2727 1057 2779 ait
1069 2727 1221 2798 Philippica

91 2812 208 2883 Μαι
227 2810 293 2864 libro
311 2810 453 2865 tersia...
475 2804 586 2875 'Quibus
607 2809 634 2862 in
674 2808 757 2861 Vlll.
786 2807 833 2859 sed
861 2822 916 2859 uon
936 2821 1030 2859 omues
1053 2811 1116 2860 aule
1135 2808 1218 2875 patris

94 2892 177 2945 serbis
187 2885 330 2945 illudes'se
348 2890 455 2959 peccati
471 2895 546 2957 puto,
561 2889 636 2958 quod
673 2892 802 2951 mortem
826 2884 959 2953 siquidem
981 2884 1038 2938 Cic.
1053 2885 1107 2940 lib.
1129 2884 1164 2939 V.
1183 2884 1218 2939 de

91 2970 210 3042 portffex
226 2985 275 3039 pro
296 2968 426 3037 pontificii
444 2969 574 3035 scriptum
592 2968 635 3020 sit.
673 2966 732 3019 Fin.
744 2964 899 3019 itaserillit:
914 2961 1082 3023 amoenus
1090 2962 1219 3034 tresfilior

96 3048 255 3112 Quarecum
265 3047 335 3100 dixit
342 3046 447 3110 Cicero,
457 3061 519 3099 eum
526 3046 636 3117 antipel-
672 3043 783 3099 eonsules
804 3044 878 3108 vidit
896 3060 911 3096 e
931 3042 1020 3113 petibus
1040 3059 1119 3095 unum
1139 3043 1216 3097 etiam

95 3128 152 3181 tatis
163 3129 237 3181 bene
260 3124 375 3194 peritum
396 3141 464 3191 esse,
483 3124 636 3191 librcsejus
672 3140 801 3177 censerem
816 3131 840 3175 et
858 3120 1072 3193 triumphantes:
1097 3130 1218 3192 paterium

95 3208 322 3274 rerumgestarum
330 3202 636 3274 intellexitzcumjrcr'r‚
672 3213 756 3257 amem
769 3212 917 3274 pretores.
962 3200 1033 3263 Qum
1052 3203 1136 3253 verba
1155 3200 1220 3253 Vel.

95 3285 197 3352 dejure
209 3282 355 3351 pontificio.
373 3283 469 3335 Sicos.
481 3282 510 3333 iu
521 3280 634 3353 Fruges.
674 3282 752 3335 Max.
770 3280 840 3333 vu.
860 3282 883 3334 1.
903 3279 1011 3333 ridetru
1025 3280 1065 3331 ita
1084 3277 1155 3332 male
1173 3277 1220 3329 de·

128 3364 161 3424 Q.
173 3362 276 3417 Folius
292 3359 390 3431 Labe]
409 3349 584 3429 Dubitamus,
601 3378 636 3415 au
674 3358 828 3427 scripsisse:
852 3356 938 3419 Fecit,
956 3364 986 3408 ct
1005 3358 1091 3409 eedem
1109 3363 1220 3423 tempore

96 3442 163 3508 istit,
175 3457 260 3511 quem
272 3440 368 3494 Cicero
377 3440 425 3493 lib.
441 3440 465 3492 l.
478 3441 514 3493 ‹lc
526 3441 637 3503 Officiis,
674 3448 726 3491 tres
735 3434 811 3507 filios
821 3434 974 3497 ecmrdures,
984 3450 1065 3487 unum
1076 3430 1154 3484 suom
1164 3448 1220 3483 eerr-

96 3522 122 3570 et
135 3520 199 3573 Val.
211 3518 352 3573 Maximus
365 3514 494 3581 scribam,
507 3535 524 3572 a
540 3526 638 3572 senatu
674 3514 782 3577 soriam,
801 3514 865 3567 duos
875 3510 1051 3582 tricuspide,
1067 3520 1091 3563 et
1102 3518 1221 3580 quarum

96 3596 216 3662 Nolanis,
226 3602 256 3651 at
267 3596 452 3666 Neapolitanis
462 3596 591 3649 arbitrum
602 3598 636 3651 de
669 3592 825 3666 paterium
850 3588 953 3643 uideret.
993 3587 1117 3657 Reliquit
1138 3588 1220 3644 ctiam

95 3676 638 3741 inibusdatum,itaterminnsse,utmul·
675 3667 1100 3737 tresillissuuptas‚hinccicem
1108 3664 1220 3725 Tuscnl.

96 3757 153 3807 tum
165 3756 229 3821 agri,
244 3754 317 3823 quod
328 3753 357 3805 iu
370 3754 462 3807 medio
473 3756 546 3807 esset
560 3754 638 3807 relic·
675 3751 699 3804 1.
711 3750 753 3803 sic
763 3748 814 3801 ait:
835 3744 971 3801 Metellum
983 3742 1058 3800 mebi
1068 3744 1133 3816 filii,
1142 3746 1218 3818 filice,

97 3836 163 3895 tum,
190 3832 289 3900 populo
318 3831 444 3883 Romano
469 3829 638 3897 adjudicarit.
674 3836 785 3899 nepotes,
796 3833 883 3897 neptes
893 3825 922 3879 in
933 3839 1026 3896 rogum
1036 3824 1217 3897 imposueram.

97 3911 216 3965 cerens
233 3926 276 3963 res
293 3910 354 3977 ejus
371 3910 569 3964 desideramus:
587 3908 639 3960 uisi
675 3911 755 3963 ldem
767 3908 962 3979 propemodum
971 3906 1095 3971 Valerius
1105 3908 1182 3965 blax.
1192 3916 1220 3963 ct

96 3988 161 4041 ione
177 3989 274 4045 Cicero
284 3988 434 4056 regreditur
450 3987 484 4040 ed
504 4002 577 4050 euru,
593 3986 640 4055 qui
676 3990 781 4043 Plinius
793 3992 935 4041 testantur.
953 3988 1040 4043 luen.

97 4069 190 4121 consul
200 4084 263 4123 cum
271 4068 313 4121 M.
323 4067 440 4122 Claudio
448 4065 588 4131 Marcello,
596 4081 639 4119 au.
713 4068 747 4121 L.
766 4066 853 4131 Cotta]
872 4068 905 4121 1..
923 4067 1049 4121 Aurelius
1067 4068 1156 4131 Cotta,
1174 4069 1221 4137 qui

99 4160 196 4203 ntxnr.
215 4147 281 4201 init:
305 4164 388 4217 quem
414 4145 542 4200 Donatus
558 4145 638 4201 ctiam
676 4164 740 4200 cum
752 4150 808 4201 Ser.
825 4147 946 4215 Sulpicio
963 4148 1052 4200 Galba
1066 4148 1161 4199 eousul
1177 4164 1219 4199 eu.

96 4232 202 4293 ροειιιιιι
214 4231 303 4280 vocat.
316 4228 481 4283 cenninus.
678 4240 745 4279 ccx.
756 4225 802 4279 luit
813 4242 819 4278 :
838 4226 886 4294 qui
896 4226 995 4279 cumin
1006 4230 1100 4277 serrata
1111 4230 1221 4276 eonten-

130 4302 640 4376 QMetellar]QuiAutlriscnm,Pseu-
677 4304 781 4368 tierent,
804 4308 864 4357 uter
887 4305 1016 4371 adversus
1036 4302 1172 4355 viriatum
1193 4300 1220 4350 iu

97 4382 279 4453 ‹loplrilippum
297 4388 435 4447 vocatum,
453 4382 526 4445 vicit,
544 4384 641 4438 Mace·
678 4381 838 4449 Hispaniam
854 4382 1014 4437 mitteretur.
1033 4377 1123 4444 Scipio
1139 4374 1221 4440 dieto,

97 4461 205 4515 doniam
211 4464 326 4531 domuit,
335 4464 454 4517 Achaeos
463 4462 641 4535 pruliolurlit,
679 4464 709 4512 nt
723 4467 818 4512 neuter
830 4459 857 4511 in
870 4458 1037 4525 provinciam
1055 4453 1222 4505 mitteretur:

133 4554 197 4593 vot.
215 4556 236 4596 ι.
713 4542 732 4590 ‘2
751 4553 765 4589 s
