2992 5017
537 476 855 549 PRAEFATIO.
1209 486 1243 553 ix

165 633 332 701 autemid
356 642 418 719 est,
441 642 479 701 ut
500 635 607 725 magis
631 638 821 726 optandum,
843 655 941 732 qoam
965 640 1162 732 sperandum
1180 669 1242 735 pu·

164 754 240 811 tem.
286 746 429 819 Quando
444 747 531 811 enim
553 739 592 812 ut
611 748 680 830 fiat,
701 754 933 839 conspirabunt
953 753 1064 845 reges,
1083 758 1238 847 collegia,

161 855 293 943 privati,
316 856 351 920 in
365 876 506 941 quorum
522 856 685 921 thesauris
699 879 780 945 opes
793 860 859 927 ille
870 864 1089 933 delitescunt?

167 1010 177 1017 -
204 967 230 1032 J
232 989 288 1031 am
302 986 383 1053 ergo
397 964 441 1029 ad
455 964 501 1049 id,
524 964 612 1031 uude
627 964 794 1055 digressas
808 977 888 1054 sum,
907 986 1064 1045 revertor.
1107 979 1238 1045 Prima·

161 1076 303 1154 riarum,
327 1082 370 1137 ut·
386 1072 482 1139 modo
496 1073 689 1162 pollicebar,
706 1087 860 1165 'quatuor
873 1080 1048 1151 editionum
1061 1088 1239 1156 varietates

162 1186 287 1253 lectori
301 1186 623 1253 annumerabuntur:
645 1186 704 1253 sed
720 1208 788 1253 non
802 1186 919 1254 eodem
944 1190 981 1254 iu
993 1191 1076 1273 loco,
1095 1218 1169 1262 cum
1183 1222 1238 1286 ge-

164 1297 254 1363 neris
277 1296 418 1382 quadem
443 1320 508 1363 non
532 1298 761 1365 sint‘omues.⁴
786 1297 875 1364 Aliae
898 1298 1026 1365 faciunt
1049 1302 1093 1366 ad
1114 1313 1238 1373 senten·

163 1407 254 1491 tiam,
277 1430 362 1496 que,
375 1410 496 1475 ‘verbis'
521 1410 710 1491 immutatis,
732 1415 768 1475 et
787 1410 861 1498 ipsa
884 1431 1019 1511 quoque
1039 1413 1240 1482 immutatur.

158 1515 260 1601 Aliae,
283 1518 414 1605 integra
435 1519 609 1605 sententia,
632 1518 744 1587 velia
768 1519 924 1586 similium
946 1520 1108 1587 electione
1123 1523 1241 1589 verbo-

157 1652 244 1715 rum,
267 1628 322 1697 rel
342 1629 377 1693 iu
396 1629 525 1696 diversa
548 1630 895 1697 eorum'collocatione
918 1632 1110 1698 consistunt.
1155 1633 1243 1714 Qum

145 1749 236 1835 ¹suut
258 1741 367 1829 primi*
380 1742 524 1828 generis,
545 1751 724 1809 occurrunt
745 1742 875 1809 rarius:
907 1742 1152 1829 que-secundi,
1172 1745 1239 1811 ire·

157 1852 383 1939 quentissime.
429 1852 501 1919 Has
514 1852 629 1941 igitur,
650 1876 694 1919 ex
710 1853 831 1939 quibus
846 1874 950 1941 parea
963 1853 1007 1918 sit
1020 1852 1158 1937 utilitas,
1181 1853 1241 1920 rel·

160 1962 263 2047 nulla,
285 1963 424 2029 curiosis
440 1972 634 2047 reservatas,
656 1966 690 2030 in
713 1963 861 2030 ultimam
875 1963 1081 2052 singulorum
1095 1964 1234 2031 volumi·

161 2074 580 2158 uum'partem'amandavi.
611 2074 910 2162 'illasverm‘quoe
934 2074 1094 2140 momenti
1112 2074 1236 2141 babent

159 2180 364 2268 ac'ponderis
377 2180 517 2271 aliquid,
539 2183 607 2248 ima
620 2183 778 2270 quelibet
790 2184 913 2271 pagina
926 2184 1108 2251 exhibebit.
1148 2256 1152 2262 ,
1172 2172 1175 2178 ’

200 2290 289 2359 Alire
313 2300 390 2359 sunt
419 2294 518 2359 etiam
549 2292 722 2377 lectiones,
746 2315 857 2381 seque
888 2314 954 2359 nou
977 2297 1234 2381 contemnendae,

156 2425 232 2493 quas
252 2405 496 2471 recentioribus
511 2403 645 2471 Criticis
660 2402 834 2469 debentur.
878 2403 1035 2483 Quamvis
1055 2404 1141 2469 euim
1155 2428 1236 2492 qua·

158 2521 235 2582 tuor
254 2514 323 2581 illis
343 2515 558 2602 principibus,
580 2536 662 2603 quos
683 2512 863 2594 nominavi,
885 2532 1015 2596 semper
1033 2511 1239 2593 adhaeream

156 2624 260 2691 nolim
273 2625 364 2691 cert'e
389 2626 522 2704 illorum
545 2623 787 2689 successoribus
809 2620 989 2707 quidquam
1009 2620 1158 2687 detrabit
1181 2643 1237 2688 ne-

157 2758 224 2826 que
239 2758 325 2801 vero·
334 2745 540 2824 posterorum
555 2731 718 2799 retardari
739 2730 957 2815 alacritatem,
980 2754 1063 2821 quos
1086 2731 1130 2799 ad
1144 2732 1235 2799 labo

156 2846 279 2913 riosam
291 2846 563 2912 exercitationem
577 2866 643 2910 non
657 2842 810 2931 impellat
822 2843 928 2909 libido
941 2843 1109 2932 captanus
1122 2826 1235 2911 nescio

156 2959 251 3046 cujus
274 2953 436 3044 gloriolae,
457 2954 592 3020 reducta
617 2953 747 3035 vocula,
781 2953 1027 3042 quampriores
1052 2957 1134 3021 bene
1158 2976 1235 3020 con·

157 3067 237 3133 sulti
251 3065 476 3155 exploserunt,
498 3072 568 3148 aut,
588 3086 687 3152 quam
711 3062 921 3146 admiserant,
946 3071 1121 3147 expuncta.
1164 3064 1234 3130 Re-

156 3177 341 3243 cantiorum
353 3176 456 3263 igitur
470 3174 669 3243 Criticorum
691 3173 892 3262 suspiciones
913 3173 1096 3259 collocabo,
1117 3197 1184 3241 non
1198 3177 1233 3241 in

158 3296 253 3354 textu
276 3287 425 3375 quidem,¹
442 3285 499 3353 sed
525 3283 845 3352 in'commentsriis:
868 3282 910 3349 de
934 3294 1087 3371 quorum
1101 3284 1233 3352 delectu

154 3397 544 3485 jain'dicendiestlocus.
1043 3446 1047 3453 -

177 3543 180 3551 v
200 3508 344 3575 Omnino
360 3506 555 3591 debuerunt,
577 3505 707 3594 quoties
728 3528 852 3573 mecum
869 3528 910 3571 ca
923 3505 965 3572 de
979 3528 1016 3572 re
1038 3504 1240 3589 deliberavi,

162 3618 516 3685 versibus·Horslianis
530 3636 707 3705 personare
721 3640 818 3684 aures
833 3639 933 3684 mem:

208 3842 400 3921 Quiddem?
422 3844 500 3931 quid
510 3864 572 3907 non
585 3843 685 3908 dem?
713 3840 838 3908 amus
849 3850 895 3924 tu,
909 3842 1086 3927 quodjubet
1097 3840 1188 3907 alter.

206 3952 301 4031 Quod
310 3957 403 4041 petr's,
416 3954 452 4019 id
462 3954 540 4019 sisne
550 3962 595 4017 est
609 3954 753 4037 incudm,
763 3954 959 4041 'acidumque
973 3953 1102 4017 duobus.

157 4174 248 4257 Tibi,
257 4176 368 4243 docto
381 4176 468 4243 inter
480 4198 614 4265 paucos,
629 4175 766 4243 videbor
788 4174 822 4241 iu
838 4173 974 4241 meridie
995 4174 1163 4242 lucernam
1176 4196 1229 4239 ac·

22 4298 24 4347 l
156 4286 316 4355 cendere:
332 4286 419 4352 dum
444 4287 597 4355 clamabit
620 4286 717 4370 alter,
742 4306 858 4373 nempe
880 4305 964 4350 unus
986 4281 1174 4364 multorum,
1193 4282 1228 4346 iu

156 4399 302 4467 tenebris
320 4418 434 4467 errare
453 4420 488 4464 sc
511 4380 590 4467 siue
602 4396 721 4465 facula.
764 4395 854 4477 Quid
863 4399 881 4473 ἰ,
897 4394 951 4461 bic
974 4392 1113 4458 estimat
1130 4390 1229 4455 bisto-

662 4529 683 4572 s
