2992 5017
363 257 423 316 ’.
507 271 877 337 russurrensi.
975 314 979 320 ι
1178 285 1252 356 tot

119 404 669 489 &mauritanensiumpaqnss
706 419 995 491 manendumne.
1030 423 1249 498 memsam,

120 496 187 549 sins
197 495 483 550 controversisremm
493 501 542 552 est.
578 496 651 553 Hos.
705 496 837 569 Ulpianus
849 501 888 554 sio
897 499 990 554 delinit
1000 501 1028 554 iu
1037 502 1056 556 Ι.
1068 506 1093 556 e.
1110 501 1148 557 D.
1161 503 1247 558 deac-

161 573 337 645 Dq'ieiposss
346 570 471 646 mmsis]
488 575 588 628 Senem
607 580 667 632 est:
704 579 950 649 quirenn,puasess
969 579 1043 634 Olore
1051 580 1246 650 possiderem
1326 595 1328 605 ¹

119 653 218 706 Antea
228 668 334 720 semper
350 652 459 720 negarit
476 653 605 706 AEbulius
623 653 669 706 de·
701 655 818 718 siem
836 655 984 727 puisrodus
995 657 1126 730 ingressos
1137 668 1174 712 est
1187 677 1247 730 pos·

115 731 229 798 jectum
241 731 379 783 Caecinsm
392 746 427 782 ex
438 730 531 784 'tundo
548 731 668 785 Fulcini-
703 734 834 788 meones
844 753 873 788 eo
883 736 1026 806 ignorante,
1043 754 1116 807 praem
1125 735 1174 788 sibi
1185 753 1244 790 oos-

119 807 522 879 annuuolineonontuusst:
534 810 667 864 nuncians
703 815 852 866 metam
859 812 997 884 fanonem
1015 813 1198 886 auspicabatur,
1218 822 1244 866 et

120 887 528 956 dioit3dejeelnrntanlumqui
540 887 666 956 possidet.
702 907 734 942 sse
744 890 977 960 facerertimeint.
1012 893 1051 946 Et
1071 894 1151 960 paulo
1173 897 1243 964 post,

120 965 180 1017 Cui
187 964 282 1019 Cicero
293 966 332 1018 sio
344 965 442 1016 refert:
467 967 601 1020 Possessio
617 969 666 1020 dn·
703 965 796 1037 Itaque
813 969 878 1022 elam
893 970 1049 1024 nanciscitur
1058 970 1243 1041 possessionem,

118 1045 254 1113 plexest:
272 1042 666 1108 aulanimiscilicetautcor·
701 1045 747 1115 qui
759 1045 884 1115 suturam
908 1049 1102 1104 corttrooersiom
1122 1058 1243 1114 metum,

117 1124 207 1190 poris
242 1123 347 1176 Absens
357 1123 431 1175 enim
442 1139 560 1191 corpore,
575 1123 665 1177 animo
701 1123 957 1197 womeeopuem
968 1126 1064 1190 metuit,
1073 1124 1243 1198 furtisepos·

118 1201 343 1253 tamenrelinere
358 1201 552 1268 possessionem
567 1206 664 1269 potest.
700 1201 834 1256 sessionem
850 1202 1004 1274 ingreditur.
1043 1204 1166 1258 Precatio
1182 1220 1242 1256 sero

118 1279 215 1346 Finge
226 1293 297 1331 nunc
307 1277 373 1353 ejus,
389 1278 437 1346 qui
453 1281 543 1332 animo
557 1284 664 1334 tantum
695 1281 811 1350 possidet
827 1283 877 1350 (alt
891 1281 1031 1351 Ulpianus)
1046 1282 1113 1352 qood
1126 1281 1241 1352 precibus

68 1373 71 1376 ’
119 1356 427 1425 possidebat,lamilism
443 1357 663 1424 dejeclsmesses
695 1358 795 1427 petenti
815 1361 934 1414 uiuidum
952 1360 1096 1423 conceditur
1114 1369 1166 1434 lom
1186 1360 1240 1426 diss,

119 1436 149 1487 si
159 1451 240 1488 nemo
248 1438 335 1501 potest
345 1435 432 1502 dejici,
443 1437 494 1489 uisi
505 1437 552 1506 qui
562 1438 590 1490 in
602 1438 663 1492 loco
699 1453 776 1505 quom
790 1439 836 1492 diu
851 1439 881 1506 is,
899 1439 944 1509 psi
957 1437 1114 1504 concesserit,
1126 1438 1237 1508 mitto.

121 1519 178 1574 est,
201 1512 320 1584 dejectus
342 1528 396 1565 non
423 1514 541 1568 dicetur:
569 1516 662 1584 itaque
697 1513 785 1570 loeus.

119 1592 455 1646 sentireanteavidebstur
466 1593 601 1646 AEbutius.
612 1593 661 1648 Sin
732 1594 807 1648 vict.
818 1595 895 1652 ulan.
904 1597 982 1649 (inat.
988 1596 1128 1667 possedisse
1134 1605 1239 1666 propter

114 1668 248 1737 dejicitur
276 1671 440 1746 quicumque
469 1671 595 1739 possidet,
629 1677 661 1724 ut
695 1672 1042 1744 ssumfnarammregas.

110 1749 203 1801 modo
225 1747 360 1802 delendit:
388 1747 524 1815 dejectum
550 1765 660 1820 quoque
731 1750 1239 1824 Cosmmmpossedissepropterusum

112 1826 192 1880 lrnnc
215 1826 268 1879 dici
287 1842 399 1880 necesse
419 1831 475 1879 est:
492 1842 576 1897 quase
591 1843 660 1896 pug·
696 1827 822 1893 fructum,
838 1847 890 1882 uon
900 1830 991 1901 negas]
1010 1831 1078 1895 Quis
1089 1832 1117 1884 in
1129 1829 1192 1896 jure
1203 1827 1240 1881 ci·

111 1905 213 1958 nantia
226 1905 494 1973 loquitur,AEbutius.
530 1905 584 1957 Sed
596 1905 659 1959 lruic
695 1907 741 1958 rili
765 1905 887 1968 Romano
913 1909 1082 1962 mediocriter
1110 1911 1238 1971 versatus,

111 1983 659 2050 calumniaeiacillimerespondetur.Nam
695 1999 750 2036 uon
768 1985 849 2050 sidet,
866 1985 939 2040 hunc
951 1986 1040 2038 locum
1058 2001 1117 2040 esse
1128 1981 1239 2038 mendo-

110 2079 183 2132 quae
195 2066 275 2115 sntea
286 2063 356 2116 dixit
366 2063 503 2124 AEbutius,
521 2061 556 2113 dc
567 2077 600 2113 eo
612 2063 659 2131 qni
695 2078 765 2128 snm,
782 2078 870 2131 nsque
878 2065 990 2118 dubium
1001 2079 1069 2126 esse,
1080 2064 1156 2133 quin,
1169 2078 1238 2115 mor-

111 2157 173 2194 non
192 2141 312 2208 possidet
329 2127 505 2208 inteiiigenda
523 2144 594 2192 suut
629 2142 659 2195 si
695 2147 743 2193 tuo
755 2141 955 2206 usulrustnario,
967 2143 1013 2210 qni
1026 2158 1091 2207 rem,
1103 2139 1181 2208 cujus
1189 2139 1237 2193 hs-

110 2221 180 2290 quis
197 2221 268 2272 eninr
285 2219 408 2287 quamvis
428 2234 484 2270 nou
502 2218 658 2286 possideret,
696 2219 778 2272 bcbst
790 2221 994 2279 mumiruotmn.
1005 2221 1081 2274 vivus
1092 2223 1235 2286 locaverat,

111 2315 182 2352 cnm
194 2303 285 2350 tamam
297 2297 324 2348 in
334 2298 394 2349 mco
404 2301 482 2359 esset,
495 2311 529 2346 ex
538 2311 571 2348 eo
582 2297 610 2350 ri
618 2313 659 2348 ar·
695 2295 773 2352 heres
787 2297 925 2353 fructuarii
945 2299 1008 2352 nihil
1023 2299 1092 2364 juris
1108 2300 1136 2353 in
1154 2315 1188 2351 ea
1205 2313 1235 2350 re

110 2373 486 2440 matislsorninibnsdejcctns
494 2379 543 2435 est,
552 2373 659 2426 decreto
694 2371 801 2436 habeat,
820 2391 883 2428 cnm
902 2377 936 2428 ad
956 2376 1104 2438 domiuum,
1124 2391 1172 2429 seu
1191 2373 1236 2440 (ul
1322 2407 1326 2413 ·

111 2455 239 2526 praetoris
251 2454 433 2506 restituendus
443 2456 492 2505 est.
528 2451 613 2505 Inna.
695 2445 842 2523 appellant)
855 2453 1065 2522 proprietarium,
1084 2454 1236 2508 reveneriti

87 2590 90 2599 ,
148 2534 209 2588 car
223 2528 299 2603 ergo]
317 2534 429 2583 Summa
446 2529 505 2582 haec
519 2535 575 2582 est:
595 2529 658 2584 Hoc
694 2529 766 2583 Nam
785 2533 858 2601 quod
882 2531 992 2600 quidam
1014 2532 1117 2596 dicunt,
1143 2549 1233 2586 causas

110 2612 291 2668 interdictum
301 2610 421 2670 damasi,
432 2609 480 2678 qui
490 2609 599 2663 armatis
610 2607 659 2663 ho-
693 2609 806 2662 serslsse
818 2609 991 2662 Ciceronem:
1003 2609 1069 2678 quid
1080 2610 1168 2667 minus
1179 2626 1236 2663 cre-

110 2692 235 2748 minibns
251 2689 378 2756 depulsus
397 2692 447 2751 est,
461 2688 584 2755 quamuis
603 2703 658 2740 non
694 2686 785 2752 dibile,
803 2704 883 2756 Qum
902 2687 941 2740 ita
960 2703 1050 2740 causac
1065 2688 1186 2750 seruisse,
1205 2693 1235 2742 nt

107 2769 270 2842 possideam
293 2781 356 2832 ergo
379 2766 460 2818 eliasu
481 2766 513 2828 is,
535 2766 583 2833 qui
601 2781 658 2819 non
693 2765 924 2834 impudentissime
949 2768 1116 2828 mentiretur!
1150 2765 1234 2820 Hunc

110 2847 246 2919 possidet,
258 2845 380 2911 dejectus
393 2846 498 2912 dicitur.
517 2845 571 2897 Sed
581 2845 658 2898 iacile
692 2843 775 2912 igilur
796 2846 886 2898 locum
910 2844 1068 2898 mendosum
1090 2859 1148 2898 esse
1171 2859 1236 2897 con·

111 2924 274 2996 responderi
301 2929 414 2990 poterat,
444 2932 536 2977 tenere
563 2925 659 2978 saltem
693 2922 783 2988 teudo,
802 2931 883 2992 alque
900 2924 938 2977 its
957 2923 1114 2988 legendum:
1137 2921 1236 2978 Cessen-

110 3020 181 3062 eum
194 3003 327 3066 debuisse,
339 3002 386 3070 qui
404 3002 527 3068 dejectus
543 3002 658 3068 dicatur,
692 3000 762 3058 amm
771 2997 1235 3090 msetosepercoloeumuomnpu.

112 3086 207 3139 sinon
217 3082 381 3152 possideret:
394 3082 420 3134 id
429 3086 478 3144 est,
489 3084 517 3134 in
529 3083 589 3136 loco
599 3100 658 3138 ease
693 3079 744 3132 cni
754 3081 916 3148 conjecturae
933 3087 1090 3147 argumento
1107 3087 1168 3132 sunt
1179 3079 1235 3147 slis,

112 3162 258 3217 debuisse:
276 3159 377 3229 alioqui
387 3160 522 3227 dejectum
531 3177 658 3217 eumuou
689 3175 754 3231 ⁴quur
765 3163 917 3228 suntsupra
926 3174 979 3211 non
988 3160 1065 3226 louge
1077 3159 1232 3226 apriucipio

111 3241 173 3297 dici
185 3255 272 3309 posse.
306 3239 393 3292 losa.
691 3235 719 3289 in
728 3238 787 3305 ipsa
796 3238 960 3290 narratione:
978 3235 1113 3291 Coseuuioe
1115 3235 1232 3307 fuam

146 3319 225 3373 vics.
237 3317 316 3370 ulan.
328 3317 582 3388 omissionem.
690 3316 810 3384 possedit,
828 3314 973 3386 lom-vitque,
991 3322 1017 3367 el
1037 3331 1097 3382 quse
1109 3315 1232 3382 proxime

148 3396 208 3458 Qui
220 3395 300 3467 possit
317 3396 456 3460 ostendere]
474 3397 507 3449 ld
526 3404 576 3462 est,
594 3415 657 3454 eum
692 3399 848 3460 sequuntur,
870 3393 915 3463 qui
937 3391 1045 3455 colonus,
1064 3393 1113 3443 doc.
1149 3391 1232 3456 Ante,

113 3477 162 3547 qui
176 3476 203 3528 ri
215 3491 288 3528 arma
296 3473 404 3540 dejecit,
415 3476 497 3528 etiarn
509 3475 532 3527 si
543 3477 658 3544 probaro
692 3470 746 3540 qui,
763 3471 844 3523 debet
855 3471 933 3524 scrilri
945 3486 1059 3535 comma,
1075 3469 1126 3521 lroc
1138 3473 1231 3535 pacto:

114 3555 202 3626 possit
219 3569 249 3606 se
264 3552 421 3621 possedisse,
439 3556 530 3606 tamen
550 3561 659 3621 propter
693 3545 848 3600 Coeseuniom
856 3548 995 3618 possedisse
1002 3543 1232 3618 perooiouumuosr

113 3635 210 3688 odium
222 3631 548 3685 armorumcondomnari.
582 3632 657 3686 Hor.
691 3642 784 3697 aegas:
801 3626 845 3695 pai
864 3624 1067 3686 eolouaersiuit
1083 3624 1231 3678 cosdumam

149 3713 272 3781 Capito
284 3709 656 3779 victilianGrutdeuinesa,
691 3705 723 3758 de
744 3703 876 3758 Coesomia
886 3703 1011 3774 fundura
1047 3701 1127 3755 Unde
1148 3700 1228 3769 igitur

150 3789 190 3843 In
199 3786 245 3841 ilio
256 3787 301 3857 poi
320 3783 479 3858 quotidiana]
500 3785 558 3839 Vina
575 3787 658 3857 quoti·
691 3783 752 3836 haec
764 3784 851 3852 verba,
859 3793 967 3855 propter
974 3780 1157 3852 usumfructum
1166 3783 1231 3850 nala

115 3867 220 3921 &runs
228 3867 355 3934 appellat,
365 3880 448 3934 quam
465 3879 547 3932 snpra
565 3866 658 3918 mullis
691 3865 771 3914 sunl?
787 3877 822 3915 ex
834 3859 1054 3915 annosasiuncula
1066 3859 1179 3913 hominis
1190 3875 1233 3913 se·

116 3948 146 3999 in
157 3947 233 4009 locis,
245 3945 311 4005 Quo
321 3941 433 3998 moribus
443 3942 491 4014 fit,
502 3949 530 3996 et
540 3943 658 4015 dejectio-
690 3941 817 3995 midocli:
835 3957 895 4010 quae
911 3939 1019 3993 tandem
1032 3955 1048 3992 s
1059 3940 1187 4007 scriptore
1200 3938 1230 3993 li·

117 4041 184 4088 sere,
196 4026 236 4077 vel
246 4020 657 4092 damnosissimum
691 4018 777 4072 brario
788 4019 816 4072 in
834 4022 991 4072 contextum
1006 4017 1131 4072 orationis
1145 4019 1230 4070 relata

115 4121 149 4156 es
166 4111 288 4156 rossem
296 4101 342 4171 fit,
363 4100 518 4154 nominarit.
552 4102 657 4155 Gellius
691 4103 763 4164 sunt,
771 4097 991 4166 iisreJectis,quse
1002 4095 1136 4150 Ciceronis
1144 4099 1230 4154 erunt,

116 4181 216 4237 dodam
236 4185 265 4233 et
275 4179 457 4249 sennensium,
481 4195 516 4232 ex
543 4180 656 4248 festuca,
691 4176 816 4229 Leusru.
834 4173 1156 4246 Propteruswufruotrou:
1172 4187 1231 4225 reo·

119 4257 656 4330 opinor,qusiucondictioneulebanlur,
690 4253 800 4310 tissime.
834 4254 998 4308 Naturaliter
1018 4253 1089 4308 enim
1107 4249 1230 4303 usufruc-

116 4339 243 4409 'appellst
278 4337 365 4393 losa.
576 4355 582 4366 ¹
691 4333 794 4386 tussim
808 4333 935 4402 possidet,
953 4331 975 4384 si
992 4332 1100 4401 quidem
1120 4341 1230 4393 corpore

154 4417 251 4485 Nessi,
267 4413 397 4482 molera
414 4433 458 4469 aee
471 4413 603 4490 pirou]
624 4417 658 4470 Vi
691 4411 776 4466 fundo
797 4411 943 4484 incumbat.
978 4409 1006 4464 Si
1026 4425 1073 4478 per
1094 4405 1229 4469 colonum,
1300 4427 1304 4437 ¹

118 4495 314 4564 sumusque
326 4493 663 4568 diesinr‚lscilssxsupe-=
692 4489 813 4556 civiliter,
838 4491 880 4544 rel
903 4489 992 4558 potius
1009 4485 1085 4558 qussi
1105 4479 1232 4552 cisuliter,
