2992 5017
233 476 241 485 ·
324 463 372 528 vn
690 429 1029 521 Pamrnrlo..

1489 173 1491 234 l

1489 361 1490 402 r

1489 477 1490 522 l

1489 543 1491 590 l

322 620 448 687 teribus
470 617 537 684 illis
559 614 753 685 membranis
772 616 907 699 tirones,
929 612 1130 702 persuasisse
1151 609 1214 713 sibi
1233 608 1270 679 in
1289 627 1396 677 exor·

322 730 431 797 nando
445 728 505 794 illo
520 726 647 816 aliquid
667 748 763 815 posse
779 734 854 815 post
866 724 1049 791 Victoriam
1063 720 1168 800 effici3
1193 722 1228 787 io
1242 720 1393 787 ‹eamin-

322 840 473 907 cubuissc
486 858 597 904 curam
609 835 774 925 'singulari
792 834 914 915 studio,
927 834 1067 924 ‘assidua
1089 831 1312 913 contentione,
1330 830 1393 895 im·

323 972 434 1017 menso
463 948 692 1015 doctrinarum*
716 953 915 1036 apparatur
934 952 1041 1031 neque
1065 939 1259 1027 totvigiliis
1282 960 1321 1003 ac
1339 937 1392 1004 ln·
1489 930 1491 988 ἶ

322 1060 457 1125 boribus
471 1058 645 1147 profecisse
658 1057 859 1146 quidquam?
894 1055 1017 1143 ltaque
1028 1074 1093 1128 non
1110 1052 1210 1119 debui
1222 1050 1392 1139 applicare
1489 1073 1490 1076 ¹

322 1179 441 1237 memet
454 1168 496 1235 ad
508 1190 605 1235 unum
621 1166 777 1257 aliquem,
791 1164 929 1253 reliquis
939 1163 1084 1233 omissis:
1103 1161 1161 1229 sed
1175 1169 1391 1249 posteaquam
1489 1155 1490 1158 ’

321 1280 481 1349 editiones
505 1288 647 1367 quatuor
667 1298 793 1344 summa
814 1298 893 1342 cura
911 1284 948 1341 et
968 1273 1140 1364 diligentia
1159 1269 1336 1359 recognitis
1354 1278 1392 1336 et
1489 1343 1491 1346 ,

320 1391 452 1459 collate
470 1398 557 1472 sunt,
579 1409 642 1475 ego
661 1385 754 1474 leges
770 1386 851 1451 mibi
871 1383 952 1450 duas
966 1382 1124 1470 imposui.
1166 1380 1328 1465 Alteram,
1351 1388 1391 1456 ut

319 1523 499 1590 nunquam,
515 1499 572 1565 ubi
585 1505 783 1585 congruunt,
799 1498 842 1563 ab
853 1516 966 1562 earum
978 1515 1140 1561 consensu
1152 1492 1206 1559 vel
1220 1491 1392 1575 latum-ut

320 1611 425 1693 aiunt,
438 1600 580 1696 unguem
588 1611 613 1647 ¹⁰
627 1605 786 1673 recedam.
815 1606 978 1687 Alteram,
992 1612 1030 1669 ut
1042 1604 1310 1691 quotiescumque
1318 1600 1391 1666 'dis-

219 1774 224 1783 .
319 1718 438 1801 sident,
452 1716 584 1783 nihilis
598 1724 789 1801 contextum
805 1716 985 1799 admittam,
1006 1714 1096 1803 quod
1109 1734 1176 1779 non
1189 1720 1338 1781 occurrat
1352 1713 1389 1779 in

319 1849 433 1893 earum
451 1825 582 1914 aliqua:
611 1835 680 1892 tum
694 1826 835 1916 aliarum
851 1827 1028 1893 varietates
1044 1840 1169 1913 magna
1185 1824 1251 1892 fids
1261 1817 1389 1891 'tenori

319 1956 541 2011 annumerem.
594 1936 669 2017 Qua'
692 1937 819 2004 ratione
845 1935 880 2003 id
907 1936 997 2003 mini»
1011 1945 1247 2030 consecuturus
1272 1932 1408 1999 videor·

318 2068 413 2112 novae
439 2046 589 2115 utilitatis
609 2069 648 2112 ac
669 2048 822 2136 proprius,
842 2056 880 2113 ut
902 2046 1065 2136 principes
1080 2053 1252 2134 quatuor,
1264 2062 1388 2133 casque

318 2156 558 2223 laudatissimae
571 2138 731 2225 editiones
740 2168 815 2225 [una
821 2160 896 2225 brec
909 2164 1136 2249 repraesentet.

361 2268 507 2349 Atesim,
535 2252 681 2356 inquies,
689 2308 693 2313 ·=
714 2269 881 2337 abstineri.
898 2291 922 2333 a·
940 2268 1108 2337 'codicibus
1133 2289 1231 2333 manu
1256 2264 1392 2355 scriptis

320 2398 386 2443 non
401 2374 558 2464 oportuit.
602 2378 778 2468 Equidem,
789 2380 829 2446 'si
842 2401 895 2446 res
908 2380 988 2445 mibi
1002 2380 1045 2443 sit
1057 2402 1130 2447 cum
1144 2378 1301 2467 scriptore
1315 2378 1389 2467 pls·

318 2488 404 2567 heio,
427 2487 522 2554 facile
536 2488 681 2556 adducar
695 2497 732 2555 ut
745 2489 876 2557 credatu
891 2486 927 2554 in
949 2474 1156 2557 bibliothecis
1169 2487 1275 2556 latere
1292 2487 1391 2573 cbar-

317 2608 369 2665 tas
382 2598 565 2682 edentulus,
575 2622 650 2689 quar
664 2600 730 2667 sint
742 2599 1003 2691 alicujuspr'etii.
1038 2600 1163 2667 Verum
1171 2598 1213 2665 de
1223 2597 1391 2682 Cicerone

318 2708 483 2797 quidesse
499 2710 570 2796 spei
585 2708 753 2797 reliquum·
762 2716 883 2798 potest,
904 2712 939 2779 in
953 2733 1018 2801 quo
1025 2713 1097 2801 jam
1110 2734 1130 2777 a
1145 2710 1386 2778 renascentium

317 2818 486 2883 literarum
513 2816 635 2902 seculo,
667 2827 701 2885 et
726 2822 970 2910 typographicis
995 2824 1077 2889 artis
1100 2831 1231 2905 exortu,
1262 2820 1390 2889 studio-

318 2948 429 2993 sorum
442 2925 555 2991 oculos
569 2927 617 2992 ita
630 2926 747 2995 defixit
760 2928 944 3017 admiratio,
967 2942 1003 3000 ut
1018 2931 1179 3023 quidquid
1194 2932 1228 3000 in
1242 2930 1388 2997 tenebris

311 3037 451 3124 jaceret,
474 3056 591 3103 eruere
613 3032 887 3131 properaverint?
929 3042 1035 3131 Atqui
1057 3041 1169 3130 psucis
1184 3049 1259 3131 post
1278 3038 1388 3125 anuis,

317 3157 353 3213 et
365 3146 509 3234 spirante
522 3147 629 3215 adhuc
640 3152 661 3189 ¹¹
675 3147 840 3234 Victorio,
850 3151 1004 3220 meliores
1022 3174 1166 3243 unquam
1173 3152 1281 3220 libros
1294 3152 1391 3218 inre·

317 3256 382 3321 uiri
395 3278 494 3344 posse,
506 3254 563 3323 vix
577 3260 772 3347 sperabsnt=
795 3280 893 3346 nunc,
916 3284 958 3328 ne
972 3264 1029 3330 rix
1041 3263 1184 3351 quidem.
1239 3267 1257 3312 '-

358 3366 446 3447 Quia
460 3375 568 3434 tumen
584 3368 676 3435 libris
690 3391 788 3435 mauu
801 3373 931 3461 scriptis
945 3374 1095 3462 quotidie
1105 3374 1233 3465 aliquid
1242 3372 1391 3441 detrabit

315 3476 471 3567 temporis
495 3477 649 3563 edacitas,
682 3480 805 3549 idcirco
828 3482 1007 3551 rideture
1030 3486 1193 3553 communi
1215 3486 1285 3551 toro
1308 3481 1388 3549 lite·

315 3610 425 3658 rarum
441 3590 539 3671 bono,
553 3589 580 3656 si
595 3590 805 3675 excutiantur
818 3590 920 3659 semel
932 3594 1062 3663 taudem
1077 3602 1240 3684 quotquot
1247 3599 1387 3661 aetatem

316 3697 476 3782 tulerunt,
498 3682 654 3785 universi,
679 3710 713 3767 et
735 3702 896 3791 quidquid
919 3702 1125 3772 illustrandis
1147 3710 1295 3771 veterum
1316 3726 1389 3771 mo-

316 3813 479 3877 numentis
498 3823 717 3900 opportunum
740 3814 933 3897 recondunt,
954 3821 1108 3903 typorum
1129 3835 1192 3901 ops
1213 3811 1386 3902 vulgatum

314 3920 571 3987 communicetur
595 3943 668 3988 cum
697 3922 845 4007 eruditis,
868 3946 909 3990 ne
933 3924 1013 4014 quid
1039 3924 1224 3993 detrimenti
1241 3924 1386 4011 respub-

314 4028 378 4097 lica
396 4032 428 4097 iu
452 4040 622 4120 posterum
636 4055 657 4098 a
677 4032 792 4099 blattis
810 4042 845 4101 et
864 4034 1001 4124 pulvere
1021 4032 1140 4123 capiat.
1161 4074 1166 4083 ·
1184 4031 1385 4125 Huiusmodi
1489 4063 1490 4132 3

201 4268 205 4275 .
346 4230 366 4263 ¹⁰
380 4230 636 4297 suteiqmto‚quou
645 4235 792 4294 ruissimum,
803 4234 1086 4299 bismslegibossolvorit
1094 4200 1386 4299 medan-ouant·-
1489 4213 1490 4256 l

313 4308 376 4356 belrit
388 4310 470 4383 tactor
480 4318 505 4359 ot
514 4312 677 4361 mutationem
687 4326 769 4371 meum,
778 4321 804 4361 ct
813 4314 926 4377 vulgatam
936 4313 1066 4363 testim.

345 4386 361 4420 ¹¹
380 4384 442 4447 vste
449 4386 511 4435 Patri
521 4388 618 4439 Victorii
627 4388 755 4451 epistolem,
766 4405 812 4439 rua
822 4390 939 4441 ciceronis
949 4391 1043 4441 editioni
1049 4394 1177 4457 pradum.
