2992 5017
270 491 323 558 su
553 464 555 469 ’
648 482 967 554 semesum.

268 653 363 731 rius3
388 670 443 731 ac,
460 670 520 737 per
544 666 616 713 eam
640 668 782 726 causam,
804 643 980 712 Gallorum
1004 648 1136 731 gentem
1155 631 1357 709 'universam

268 760 414 842 allatret,
430 756 638 846 Scioppiaua
652 756 832 823 ferocitatis
847 756 955 833 beros,
976 774 1043 818 nou
1057 751 1245 818 latinitatis.
1289 756 1357 833 At,

268 870 313 935 mi
326 870 434 953 bomo,
445 870 571 957 cujates
585 875 678 933 eraut
690 866 830 953 Mureti,
844 866 1037 949 Hotomani,
1053 864 1156 944 nosti,
1168 864 1322 931 Turnebi
1337 870 1354 929 ἰ

270 981 345 1060 Quo
359 977 420 1043 illa
433 978 495 1044 tibi
509 976 679 1043 Ciceronis
692 975 806 1055 editio,
827 978 939 1065 inqua
953 985 988 1041 te
1002 975 1091 1039 solus
1100 976 1229 1061 jactas?
1254 974 1356 1041 Hau-

268 1088 364 1155 sisses
389 1088 504 1153 saltem
529 1100 581 1152 ex'
601 1086 765 1152 uberrimo
792 1086 891 1152 t'onte·
911 1084 1107 1151 urbanitatis
1132 1084 1274 1172 aliquid,
1305 1108 1354 1151 ue

268 1197 484 1264 laudatissimi
498 1194 648 1285 parentis
659 1196 744 1261 adeo
757 1218 845 1262 esses
866 1195 1050 1262 dissimilis!

310 1308 450 1387 Carolus
465 1306 632 1393 Sigonius,
647 1305 859 1386 Mutinensis,
873 1305 1098 1370 Romanarum
1109 1304 1343 1393 antiquitatum

266 1417 441 1506 indagator
454 1437 569 1504 sagax,
593 1422 628 1479 et
650 1412 794 1480 disertus
815 1414 1010 1503 explicator,
1037 1414 1182 1502 insignia
1207 1414 1345 1503 reliquit

267 1527 379 1594 multis
393 1526 584 1612 consignata
598 1521 820 1591 voluminibus
829 1533 1045 1590 'monumenta
1066 1526 1251 1611 praestantis
1269 1524 1347 1591 doc-

267 1638 372 1702 triuae.
427 1633 525 1714 Quod
551 1635 617 1699 buc
644 1634 743 1713 facit3
774 1634 1051 1701 commentariola·
1066 1634 1181 1719 edidit,
1211 1643 1282 1701 tum
1310 1637 1347 1701 iu

265 1746 466 1833 Fragmenta,
482 1752 562 1829 tum,
579 1753 736 1832 usurpato
747 1748 771 1791 ¹⁷
785 1745 916 1810 nomine
930 1744 1052 1828 alieno,
1076 1745 1109 1810 in
1123 1745 1295 1833 Agrarios,
1307 1755 1344 1811 et

209 1861 212 1883 '
266 1857 300 1922 iu
316 1854 473 1944 epistolas
495 1858 538 1921 ad
551 1854 750 1923 Familiares.

282 1964 457 2031 =Joanues
487 1960 678 2031 Ludovicus
705 1957 884 2048 Strebaeus,
920 1964 1105 2030 Remeusis.
1165 1964 1346 2050 Oratorem,

268 2075 467 2143 Partitiones
481 2078 646 2158 oratorim,
662 2082 731 2139 tres
745 2077 783 2140 de
800 2075 938 2142 Oratore
951 2074 1054 2141 libros
1067 2074 1245 2141 illustravit
1258 2097 1346 2142 com·

268 2185 436 2251 menteriis
454 2184 538 2249 bene
561 2183 681 2271 longis,
703 2191 738 2249 et
752 2183 811 2272 qui
831 2184 1005 2250 videantur
1018 2184 1053 2249 iu
1073 2186 1217 2251 tironum
1232 2186 1347 2274 scripti

266 2296 406 2383 gratiam
414 2322 424 2375 ;
448 2293 507 2362 aed
520 2300 671 2360 accurate
685 2300 807 2378 tamen,
822 2303 857 2360 et
870 2296 913 2361 ab
926 2294 1057 2360 bomine
1077 2294 1158 2359 artis
1173 2294 1345 2360 rhetoricae

267 2403 479 2494 peritissimo..

212 2589 215 2600 y
283 2514 475 2609 2Adriauus
490 2514 680 2599 Turnebus,
702 2512 838 2581 Audelii
851 2514 894 2580 ad
909 2514 1096 2603 Sequanam
1110 2497 1218 2580 natus:
1260 2514 1346 2595 Quis

266 2648 341 2692 eum
362 2608 519 2691 laudandi
533 2622 598 2689 erit
612 2623 698 2702 finis,
720 2623 748 2689 si
763 2624 905 2709 proauis
924 2624 958 2690 in
973 2624 1167 2691 Ciceronem
1181 2625 1348 2692 immorta-

265 2733 353 2800 libus
366 2733 491 2800 meritis
505 2731 680 2797 laudetur?

309 2843 432 2909 Petrus
455 2840 623 2926 Valentia,
647 2848 724 2908 ortu
744 2842 979 2930 Cordubensis,
1005 2846 1063 2934 qui
1088 2868 1123 2912 se
1146 2855 1256 2914 tamen
1279 2849 1346 2916 Za-

266 2954 406 3019 frensem
431 2950 609 3039 inscripsit,
634 2952 724 3041 quod
746 2954 908 3043 originem
932 2981 951 3023 e
978 2958 1081 3024 Zaba
1099 2968 1267 3047 repeteret
1286 2983 1345 3048 op-

177 3112 182 3119 .
267 3062 345 3152 pido
360 3062 392 3128 in
407 3070 558 3129 extrema
572 3063 712 3130 nasica.
757 3066 869 3131 Homo
882 3088 948 3132 nou
970 3065 1153 3155 vulgariter
1168 3069 1294 3154 doctus,
1310 3079 1347 3136 et

267 3172 336 3263 qui,
358 3171 448 3238 baud
462 3172 530 3238 scio
551 3195 593 3240 an
608 3174 754 3243 omnium
768 3176 993 3262 solertissime,
1016 3179 1050 3243 in
1065 3180 1187 3246 veteris
1201 3180 1347 3269 pbiloso-

265 3282 352 3383 pbiae
377 3282 475 3369 adyta
495 3292 738 3370 penetraverat.
780 3286 971 3353 Academica
994 3287 1177 3373 Ciceronis,
1198 3313 1272 3378 qum
1292 3312 1347 3356 su-

266 3399 414 3481 persunt,
434 3393 598 3479 mutilata,
620 3393 764 3484 ideoque
785 3398 935 3482 obscura,
949 3419 1017 3463 non
1029 3401 1183 3467 brevibus
1198 3401 1344 3489 quidem,

174 3508 184 3519 ’
266 3504 503 3596 disjunctisque
518 3504 660 3586 scholiis,
681 3514 716 3572 at
736 3508 919 3576 continenti
941 3510 1093 3577 oratioue
1117 3512 1165 3577 ita
1185 3508 1344 3596 explana·
1428 3532 1432 3541 ·

267 3615 324 3700 vit,
349 3626 386 3683 ut
408 3616 487 3682 mibi
513 3615 603 3683 solus
627 3638 667 3681 ea
688 3616 895 3684 intellexisse
919 3617 1083 3687 rideatur.
1128 3620 1221 3708 Opus
1244 3615 1343 3705 illud,

267 3724 425 3791 bactenm
445 3726 655 3813 rarissimum,
679 3727 859 3817 paucisque
872 3731 1052 3819 cognitum,
1073 3728 1198 3820 prodiit
1217 3750 1261 3796 ex
1274 3730 1345 3797 offi-

267 3834 341 3902 cina
356 3836 581 3922 Plautiuiana,
602 3838 834 3907 M.D.xcvl.

289 3944 460 4029 ¹donuncs
474 3946 625 4033 Vaellus,
651 3948 834 4039 Sequanos,
857 3973 877 4017 e
902 3952 1067 4020 Societate
1088 3951 1185 4020 Jesu.
1229 3953 1343 4019 Pauca

268 4052 429 4143 quandam,
451 4055 510 4123 sed
524 4056 690 4147 exquisita
711 4080 789 4125 sanc
811 4068 846 4127 et
866 4061 992 4144 limata,
1014 4062 1048 4126 in
1063 4060 1341 4129 Ciceronem'edi·

268 4164 327 4249 dit,
350 4166 460 4235 seculo
481 4168 607 4236 decimo
633 4178 727 4238 sexto
753 4181 915 4240 encuute.¹
953 4170 1058 4239 Plura
1082 4175 1182 4243 etiam
1207 4171 1344 4262 reliquit
1477 4255 1478 4258 Ἴ

569 4418 587 4453 u
607 4416 1025 4484 ummaranmmmgwss.
