2992 5017
261 1029 645 1204 'rossanus
694 1095 1083 1268 onrvnnos‘

423 1377 426 1382 ’
467 1433 471 1438 .
499 1363 833 1450 LECTORI.
909 1441 921 1462 .

136 1923 290 2005 VETUS
299 1923 454 2010 adagium
462 1925 958 2016 cst*lllaqnoslibcr,mnqaum
970 1931 1103 1999 molita
1126 1929 1228 2012 Quod

104 2042 210 2103 utnon
219 2055 462 2122 usquequaque
472 2039 526 2117 sit,
533 2040 775 2106 etinomnibus
783 2039 926 2107 sonasse
937 2063 1067 2128 verum;
1089 2045 1224 2112 omnino

106 2149 199 2213 estin
210 2148 467 2215 Commentariis
478 2149 521 2215 ad
535 2149 673 2216 Latinos
683 2152 738 2218 vel
747 2158 907 2230 oratores,
916 2155 971 2219 vel
981 2161 1111 2240 poetas,
1123 2158 1226 2224 veris·

105 2259 226 2325 simum.
269 2259 366 2340 Quid
381 2261 495 2326 enimi
517 2263 636 2328 librum
646 2269 683 2329 tn
692 2264 774 2329 mihi
785 2285 940 2346 magnum
954 2265 1063 2346 affere,
1087 2267 1226 2335 alterum

104 2378 138 2437 ut
149 2363 333 2459 intelligam
345 2394 413 2439 non
422 2374 605 2457 longiorem
615 2377 681 2442 isto
692 2380 762 2455 tuo,
771 2395 812 2440 ac
823 2393 915 2459 saepe
925 2375 1226 2446 etiambreviorem.

104 2480 153 2548 An
171 2491 222 2551 est
241 2486 304 2551 hic
326 2484 412 2551 adeo
433 2486 673 2565 tenebricosos,
696 2491 821 2551 utnon
843 2486 940 2552 aliter
958 2505 1057 2570 quam
1078 2491 1230 2571 operosis

104 2598 228 2678 possint
238 2597 474 2665 molitionibus
493 2600 564 2664 erui
586 2618 716 2676 sensus,
739 2602 839 2684 atquo
851 2597 887 2661 in
902 2601 1051 2680 apertum
1068 2595 1230 2680 prolerril

108 2707 225 2778 Pascat
247 2731 331 2796 ergo
352 2711 476 2776 blattas
496 2711 532 2775 in
552 2710 711 2776 tenebris:
739 2729 802 2774 nec
821 2713 980 2792 torqueas
996 2711 1029 2772 te
1043 2705 1174 2785 frustra,
1194 2713 1232 2774 nt

108 2822 202 2900 scias,
216 2822 424 2904 doceasque,
439 2819 519 2905 quid
535 2819 657 2886 chartis
670 2819 814 2885 illeverit
828 2819 970 2902 scriptor
984 2817 1070 2883 adeo
1083 2835 1151 2882 non
1169 2819 1231 2883 bo·

108 2950 175 3010 nus,
190 2939 227 2999 nt
244 2935 282 2998 in
300 2951 345 2997 eo
362 2931 480 2996 vitium
492 2931 546 3009 sit,
560 2950 632 3015 quo
645 2930 775 2996 nullum
789 2931 824 2994 in
838 2929 1020 3014 scriptione
1039 2929 1230 3014 capitalius,

110 3043 300 3110 obscuritas.
346 3041 461 3127 Hujus
475 3040 611 3124 quidem
625 3046 693 3106 tam
706 3047 759 3108 est
768 3060 889 3126 expers
903 3039 1033 3120 Cicero,
1045 3061 1146 3126 qnam
1161 3062 1231 3108 om-

109 3153 199 3218 nibus
221 3151 401 3219 abundans
426 3152 606 3237 eloquendi
624 3154 812 3220 virtutibus.
857 3149 925 3233 Qui
939 3153 1091 3237 profecto
1104 3153 1229 3242 siquid

108 3261 210 3345 habet,
224 3265 318 3351 quod
333 3263 582 3347 intelligentiam
591 3263 699 3348 fngiat
709 3267 783 3351 ejus
798 3265 954 3344 hominis,
965 3265 1021 3330 cui
1030 3284 1094 3330 nec
1109 3285 1228 3330 sensus

109 3379 286 3443 communis
299 3377 400 3453 desit,
413 3396 476 3442 neo
493 3396 575 3442 usus
596 3377 708 3442 Latini
727 3367 911 3458 sermonis3
936 3395 1003 3440 non
1016 3377 1051 3440 in
1064 3375 1226 3440 Cicerone

111 3487 202 3572 culpa
214 3495 278 3569 est,
290 3487 354 3555 sed
367 3491 426 3552 aut
438 3487 473 3550 in
483 3485 631 3565 librario,
642 3487 700 3570 qui
709 3485 794 3551 bene
808 3486 936 3568 scripta
947 3483 1035 3548 male
1046 3483 1232 3566 descripse-

111 3598 165 3680 rit;
185 3605 243 3665 ant
254 3600 292 3665 in
303 3597 546 3681 longinquitate
561 3596 732 3680 temporis,
747 3614 825 3679 qnae
838 3586 997 3658 lectorem
1011 3594 1055 3659 ab
1067 3593 1231 3660 Romanis

112 3712 264 3794 moribus,
277 3711 447 3794 rebusque
460 3707 688 3774 Ciceronianis
703 3705 824 3790 procul
833 3707 1023 3790 segregarit.
1057 3703 1232 3789 eridquid

114 3827 217 3890 autem
236 3822 385 3889 occurrit
402 3819 620 3902 difficultatis3
641 3817 677 3884 id
691 3823 752 3895 ant
764 3819 877 3898 verba,
893 3820 951 3882 ant
963 3835 1016 3880 res
1030 3814 1140 3882 verbis
1155 3800 1234 3881 sun

111 3931 205 4014 Jectae
220 3936 403 4002 continent.
431 3932 505 4016 Age
518 3951 608 4016 ergo,
623 3932 665 3997 ad
676 3935 852 4016 utrumque
866 3946 969 4014 genus
980 3907 1237 4013 profligandum,¹
1306 3961 1312 3982 ·

115 4044 190 4128 quid
200 4045 321 4113 auxilii
334 4045 378 4109 ab
391 4046 604 4128 interpretum
617 4062 722 4128 opera
730 4043 916 4128 proveniat,
935 4039 1148 4125 exquiramus
1162 4042 1238 4132 tan·¹

115 4153 230 4240 fisper:
253 4176 323 4243 qno
336 4154 477 4240 quisque
489 4153 682 4238 perspiciat,
693 4174 795 4238 quam
804 4137 898 4232 nihil,
910 4149 1122 4238 depascenda
1137 4136 1237 4213 Gom-¹

379 4456 396 4489 ⁸
413 4451 587 4523 ῡαΙΗπιαεᾸω,
596 4455 669 4524 apud
680 4454 853 4518 Athenaeum
864 4451 910 4506 lib.
923 4449 978 4504 ΠΙ.
