2992 5017
389 249 980 310 0RA-T10·1N.L..MURENAM.
1152 263 1223 329 447

143 394 389 451 Condemnsretnr.
426 393 499 457 Quid
511 392 591 460 siper
599 400 705 445 cemos?
723 395 822 464 quidsi
833 411 881 464 per
899 396 1001 449 amcos
1016 398 1087 462 lecit,
1100 415 1155 454 nou
1173 404 1223 456 erit

146 473 244 527 idem?
259 472 354 539 lneptu
362 469 482 524 defensio
493 474 547 524 ert:
566 469 687 522 Pecunia
699 472 764 525 dete
775 477 824 539 est,
834 489 888 526 nou
898 471 940 548 e'st
957 491 974 526 u
995 475 1113 530 Merene
1128 493 1224 532 nume-³

144 551 341 620 retupoeunie.
375 548 819 617 Fateoneroenoqueideneiee.
854 552 977 616 Quidisi
987 551 1153 608 nunemset
1163 557 1223 623 ejus

145 631 258 683 nomine
269 628 442 697 argentarius,
449 641 504 679 uon
512 626 633 679 dedisset
642 626 776 681 Merene?
795 630 878 684 Nultu
886 631 968 696 dedit,
981 632 1128 686 Praefeolus
1139 635 1221 690 dedit.

147 711 190 761 At
197 709 261 762 nihil
273 712 330 760 eret
337 707 409 776 quod
420 706 466 758 isli
476 700 590 770 darent:¹
603 703 729 758 Murenae
738 707 864 762 intererat
874 715 905 762 ul
916 709 1032 774 dmenu,
1043 711 1121 779 cujus
1137 715 1222 780 gretie

144 786 454 857 emplasulirsginennt.
478 784 1220 854 Nonestquserendum‚cujusmsnunumerutnsit‚sed

144 865 229 933 cnjus
240 863 320 931 jussu
330 863 452 916 sitdcta:
470 877 534 914 cnm
543 863 613 914 servi
628 861 776 931 perterrent
785 866 953 929 succulento
962 869 1018 934 ipsc
1033 869 1148 924 Murcus
1163 889 1221 941 por.

145 941 260 996 ferebus.
295 942 519 1009 Cumpecurtium
538 940 712 994 nummi
730 941 809 994 emlei
822 943 860 994 illi
880 943 928 1010 tui,
946 959 1041 998 merrus
1060 954 1218 1005 ersnttueu:

104 1065 109 1070 .
144 1015 478 1090 quiequidnbbisdolnm
488 1019 1220 1094 estquicqnidnumeratumesttuemsnndutumtue

144 1115 233 1153 menn
242 1103 414 1152 numeratum
424 1103 473 1151 eet.
504 1098 575 1150 Nem
595 1097 667 1168 quod
683 1103 733 1150 tuo
744 1099 853 1152 nominc
870 1103 964 1166 regule
974 1103 1015 1152 est
1024 1102 1098 1168 virgo
1107 1108 1221 1173 vertens,

144 1181 179 1230 ut
190 1179 283 1230 locum
293 1176 469 1231 concederet:
487 1175 540 1228 scis
549 1176 615 1246 quid
627 1180 668 1228 est
677 1181 726 1230 tuo
734 1177 861 1231 nomino?
879 1181 927 1230 tna
940 1177 1042 1230 seilicet
1050 1194 1140 1236 cause.
1209 1209 1213 1220 ·

182 1255 292 1308 Sedere
303 1271 354 1322 ego
364 1254 445 1308 bomo
453 1256 561 1323 ineptus
575 1269 645 1318 sum,
656 1256 704 1324 qni
715 1256 751 1308 dc
762 1273 791 1309 re
802 1257 906 1310 tumdiu
916 1255 1052 1320 disseram,
1064 1258 1098 1310 de
1109 1276 1162 1328 que
1173 1261 1221 1315 du-

145 1335 219 1388 einr
227 1349 315 1386 nemo.
334 1333 404 1386 Num
412 1333 484 1402 quod
495 1334 621 1386 rescitum
628 1333 660 1386 iri
672 1333 791 1386 Murem
800 1335 949 1398 metuebas,
960 1336 1038 1401 egisti
1050 1353 1098 1403 per
1106 1339 1219 1400 amieos:

146 1413 211 1483 quis
221 1427 275 1464 non
285 1412 432 1479 intelliget?
448 1427 508 1479 (μω
518 1413 609 1464 centio
620 1413 643 1464 si
653 1412 728 1465 lirmu
745 1417 826 1474 esset,
843 1429 923 1466 nemo
940 1429 1060 1482 unquam
1074 1421 1149 1480 ,esset
1165 1421 1219 1470 mm

145 1492 269 1555 stolidus,
280 1491 326 1559 qui
343 1505 377 1541 eu
393 1505 449 1541 nou
467 1495 594 1548 uteretur.
629 1491 693 1543 Non
710 1491 797 1561 pudet
815 1491 855 1543 bis
872 1491 951 1559 nugis
966 1496 1064 1560 agere?
1081 1509 1134 1546 neu
1146 1495 1221 1548 vides

144 1567 219 1640 apud
231 1585 298 1639 qnos
312 1569 436 1635 judicent
453 1585 488 1620 ex
499 1568 594 1623 horum
604 1571 744 1622 severitate
756 1575 783 1621 le
794 1569 850 1622 ulls
861 1569 940 1634 irtus,
951 1575 1000 1623 aut
1010 1571 1163 1639 eloquentie
1174 1575 1223 1626 eri·

143 1650 220 1718 pieti
238 1648 341 1700 Lexde
350 1647 451 1700 ambitu
463 1646 672 1714 dilucideretet,
682 1647 806 1700 mercede
815 1647 964 1700 candidatis
975 1647 1128 1702 obviemiri.
1147 1651 1219 1703 llum

144 1732 187 1781 est
198 1727 313 1792 obviam,
324 1741 428 1778 merces
444 1727 510 1779 datu
524 1731 581 1782 est:
598 1726 665 1780 nibil
680 1727 758 1779 refert
776 1742 793 1777 u
808 1742 864 1795 quo
878 1726 942 1780 dan
954 1726 996 1791 sil,
1009 1726 1057 1780 scd
1076 1729 1123 1795 qui
1142 1729 1221 1782 luerit

143 1805 305 1860 candidulus
316 1805 421 1875 quaerit.
456 1803 543 1882 lubet
553 1821 587 1857 ne
599 1806 725 1858 conducti
735 1809 886 1858 sectentur:
905 1805 1033 1858 conducti
1043 1811 1115 1870 runt,
1125 1809 1220 1861 sectati

143 1890 216 1938 sunt.
251 1883 315 1935 Non
335 1883 442 1951 querit,
463 1897 575 1950 qnorum
594 1900 682 1951 opere,
701 1883 747 1936 sed
766 1897 847 1952 quern
864 1883 918 1935 sint
936 1885 1038 1936 sectati.
1075 1883 1168 1948 Vetat,
1185 1901 1220 1938 ue

143 1962 336 2031 gladiatoribus
347 1961 429 2027 uulgo
439 1961 514 2012 loeus
523 1961 664 2022 tribuetur,
675 1977 709 2013 ne
720 1962 832 2030 prandia
842 1963 923 2029 vulgo
934 1961 1046 2015 dentur:
1065 1962 1087 2014 si
1098 1965 1217 2018 tributim

143 2043 210 2093 date
220 2044 291 2102 sunt,
302 2039 363 2107 quis
373 2039 476 2090 nesciet
487 2039 568 2105 vulgo
579 2038 658 2091 date!
675 2039 696 2090 si
707 2043 816 2107 petente
827 2041 914 2093 arnico
925 2040 1000 2092 loeus
1013 2041 1091 2094 datus
1098 2046 1148 2108 est,
1156 2045 1218 2112 quis

142 2137 199 2173 non
209 2120 283 2172 videt
293 2116 431 2192 eblandita
438 2117 580 2184 suli'regini
706 2175 710 2184 Ι

178 2198 288 2250 Videtis
302 2211 358 2266 qno
374 2195 437 2248 loco
452 2211 495 2247 res
512 2195 555 2261 rit,
570 2194 698 2248 Judiecs:
718 2195 813 2248 ridetis
831 2194 970 2248 audacium
985 2197 1130 2263 hominum,
1146 2200 1218 2253 vide-

142 2280 180 2331 tis
204 2275 411 2345 corruptionem.
446 2273 503 2326 Vix
522 2273 648 2326 credibile
673 2278 715 2324 est
739 2274 787 2342 qul
807 2278 956 2326 conventus
977 2281 1066 2327 essent
1088 2278 1122 2328 ud
1140 2293 1218 2344 prun-

144 2357 256 2426 dinqui
273 2368 420 2408 concursus
440 2352 474 2405 ud
492 2353 711 2420 compotationes.
734 2352 813 2404 Itane
827 2352 924 2406 servire
943 2351 1079 2405 Romanos
1099 2353 1217 2411 homiues

143 2437 231 2491 ventri
250 2438 279 2487 ct
297 2433 386 2500 gulaei
414 2431 453 2485 Ut
468 2431 533 2484 nilril
549 2432 644 2485 mirum
659 2429 718 2497 jem
736 2429 779 2494 sit,
797 2430 880 2498 pluris
891 2430 980 2483 venire
1000 2430 1027 2482 iu
1044 2431 1152 2484 ciritnte
1167 2435 1219 2502 pie-

143 2533 206 2572 ccm
229 2531 311 2586 quem
334 2513 453 2574 bovem3
480 2511 566 2580 pluris
590 2511 644 2564 vini
672 2508 827 2576 amphorem
851 2523 933 2577 quem
963 2507 1015 2560 olei
1044 2509 1218 2564 medimnum.

143 2599 218 2652 Nem
239 2595 273 2647 de
291 2592 401 2647 urentia
417 2590 482 2660 quid
501 2590 608 2642 dicumi
639 2589 717 2642 ltuue
735 2588 840 2640 venalia
857 2601 915 2639 esse
932 2587 1022 2640 omnia
1039 2587 1068 2658 in
1094 2588 1167 2653 urbe,
1187 2596 1219 2642 nt

142 2675 256 2730 comitiu
284 2670 452 2738 sanctissime
476 2669 588 2736 turpiter
617 2666 806 2720 venditentur!
839 2671 871 2720 ut
895 2665 998 2720 barbari
1021 2667 1112 2732 etiem,
1136 2669 1218 2722 veluti

142 2753 244 2823 Apollo
258 2749 371 2814 Pithius,
383 2747 483 2811 dicunt,
496 2745 701 2814 Rempublioam
710 2749 837 2810 nostrum,
849 2744 922 2816 quod
936 2743 973 2798 dii
985 2745 1152 2814 prohibeant,
1161 2763 1220 2816 pro·

140 2847 210 2903 pere
226 2826 387 2898 periturum?
403 2823 472 2887 Quis
482 2823 546 2878 huic
556 2823 732 2894 imperiotum
742 2824 925 2890 estiniuricus,
937 2822 1055 2893 qui.haec
1071 2827 1156 2894 possit
1173 2842 1219 2882 nu-

142 2912 202 2965 dire
213 2911 241 2961 et
251 2905 372 2975 perpelli
389 2903 507 2957 Militem
521 2903 683 2972 locupletem
694 2918 816 2970 sperasse
827 2919 856 2956 se
874 2903 1041 2956 counrlurem
1060 2904 1218 2972 dignitatem

142 2987 261 3061 pecunie
271 2999 369 3048 emero,
379 2982 495 3051 ciboque
510 2980 662 3049 objiciendo
680 2995 849 3052 corrumpere
865 2981 974 3035 comitia
994 2983 1085 3051 populi
1102 2983 1217 3039 Romani

142 3086 181 3124 ne
192 3068 275 3121 libere
284 3066 389 3118 essent:
406 3062 445 3115 itu
455 3061 621 3114 eiloeminere
640 3059 753 3124 enimes,
772 3065 804 3113 nt
820 3064 861 3115 tot
878 3061 958 3114 rebus
968 3061 1089 3128 victores,
1101 3066 1217 3132 pecunie

142 3151 174 3202 et
184 3146 245 3200 cibo
251 3143 434 3198 vinceremur?
449 3139 533 3192 Hunc
542 3139 848 3208 civemsppellubimust
858 3138 1115 3207 bicRerupublicem
1127 3146 1217 3210 geret?

142 3223 326 3280 huiclibertns
343 3221 438 3292 petrice
457 3218 655 3271 committetur!
671 3231 752 3286 qnam
771 3219 794 3271 si
811 3233 865 3271 nou
881 3217 978 3287 poten'l
995 3233 1135 3288 occepere,
1153 3237 1215 3276 eum

142 3304 213 3359 tanti
224 3302 326 3367 emerit,
336 3296 452 3369 pecunie
461 3295 561 3363 mejero
571 3295 687 3350 vendet!
818 3283 820 3300 ⁴

127 3385 132 3397 ¹
178 3376 437 3446 Obsecro,indiees,
445 3374 698 3427 consulitelibortuti
707 3374 1216 3446 nostre,quae3vilevoeisclnrioresrc

141 3463 239 3516 debet:
257 3458 402 3528 providete,
412 3471 448 3507 ue
458 3453 563 3522 largitio
574 3451 665 3503 omnin
674 3459 805 3523 occupet:
823 3469 858 3507 ne
869 3455 951 3522 leges,
962 3453 996 3506 ud
1005 3469 1118 3522 querum
1127 3459 1216 3508 custo

142 3541 216 3594 dium
228 3535 327 3590 delecti
337 3535 410 3597 estis,
418 3533 497 3584 victae
509 3531 537 3582 ie
548 3529 605 3581 loro
615 3529 767 3596 brrpissime
774 3533 892 3600 jaceant,
902 3531 1065 3596 obteruntur,
1074 3537 1101 3584 et
1110 3535 1216 3587 concul-

142 3623 248 3673 centur.
283 3615 317 3668 lu
328 3611 453 3666 comitiiis
464 3607 657 3674 consularibus,
669 3611 701 3660 nt
712 3608 816 3674 videtis,
833 3611 923 3678 precio
939 3613 967 3662 et
978 3609 1039 3662 cibo
1049 3609 1156 3662 sddictu
1167 3611 1216 3665 init

142 3701 213 3754 fides
223 3702 251 3750 et
260 3694 368 3762 religio:
387 3687 640 3744 vultislnruunsum
657 3690 686 3736 et
702 3687 922 3740 consuetudinem
940 3687 1043 3740 civibus
1054 3687 1146 3742 vestm
1156 3689 1216 3757 inji-

142 3778 223 3831 cere!
239 3774 320 3827 vultis
330 3771 400 3824 alere
410 3766 615 3836 impunitatem?
630 3779 771 3833 uunquam
782 3763 897 3818 ambitus
908 3765 956 3818 leil
968 3765 1060 3832 major.
1077 3781 1213 3835 nunquam
1308 3769 1312 3783 '

141 3853 278 3923 comptio
289 3851 391 3905 certior.
411 3845 484 3911 Quid
496 3845 518 3896 si
529 3843 573 3896 bie
580 3841 713 3909 judicium
724 3843 854 3912 eflirgfflt,
865 3844 976 3912 improbi
992 3859 1046 3896 uon
1058 3845 1215 3902 tentabunt?

141 3934 282 3997 dubitetis,
299 3929 409 4000 posthae
427 3927 517 3978 omniu
536 3937 630 3975 omnes
646 3927 775 3977 ausuros?
796 3922 899 3976 utinum
919 3927 989 3974 esset
1009 3921 1149 3990 integrum.
1185 3929 1212 3980 Si

136 4013 246 4084 judicie
255 4025 348 4063 severe
358 4009 446 4060 sutrin
456 4019 511 4058 nun
528 4003 590 4068 sint,
601 4002 788 4071 quumrellcm
807 4001 930 4055 Murcnre
943 4001 1000 4054 dies
1015 4003 1088 4057 dicta
1104 4019 1156 4056 non
1174 4008 1214 4059 lu-

140 4096 217 4156 isset,
227 4107 262 4143 ne
273 4090 301 4141 in
314 4087 365 4141 hoc
385 4084 503 4154 periculo
514 4097 691 4136 versaremur:
709 4097 762 4133 non
775 4081 846 4134 cniln
856 4081 950 4133 codem
963 4082 1023 4134 loeo
1033 4095 1076 4134 res
1091 4087 1140 4147 est,
1158 4099 1213 4152 quo

141 4173 194 4226 luit
205 4175 371 4236 sonsquum
382 4167 559 4218 accusaretur.
583 4161 682 4213 Tutius
692 4162 776 4212 multo
787 4163 852 4224 erse
864 4159 1008 4212 Murenam
1022 4175 1074 4212 non
1085 4163 1213 4221 accusari,

141 4261 307 4323 quambene
318 4244 427 4297 absolvi.
462 4241 585 4309 Cogitate
596 4239 745 4307 diligenter,
755 4237 876 4302 ludices,
888 4241 916 4290 et
926 4253 974 4306 pro
986 4243 1074 4290 vestre
1082 4237 1214 4306 sapientia
1322 4249 1327 4260 ·

141 4327 294 4404 prospicite,
310 4327 442 4394 quantum
453 4321 562 4390 periculi
579 4321 622 4385 sit,
641 4311 705 4370 ei'is
722 4318 773 4368 boc
788 4317 891 4384 judicio
905 4317 1035 4404 erumpet,
1053 4315 1130 4402 enine
1141 4314 1214 4366 selus

142 4427 206 4464 cnm
218 4406 303 4460 sslnle
317 4401 484 4472 Reipublicae
500 4399 643 4466 conjuncta
660 4413 717 4450 esse
728 4409 783 4447 non
794 4399 889 4464 potest.
925 4393 1101 4445 Memmcntrs
1114 4394 1213 4455 postea,

144 4489 168 4544 si
183 4487 225 4541 hic
242 4483 400 4548 absolvetur,
412 4479 485 4536 brevi
497 4477 598 4530 nullum
614 4474 691 4529 nobis
709 4473 825 4527 luterem
846 4469 1058 4537 Rempulrlicnm.
1096 4467 1164 4528 Qnae
1180 4485 1212 4519 ee
