2992 5017
270 313 320 378 78
548 388 552 393 .
623 309 665 362 ur.
691 308 724 361 Τ.
753 304 1012 359 crcuuoms

268 453 348 506 licem
386 452 510 507 adversus
533 450 678 502 Antonium
712 446 803 499 delen·
871 444 1015 507 Tumultus
1023 444 1256 498 interimesenstu
1264 444 1316 498 luit
1328 444 1380 499 dc-

270 531 342 586 dent.
379 528 472 581 Eodie
481 526 546 580 nibil
555 527 583 579 in
593 530 687 579 senatu
698 524 803 579 conlec-
839 528 935 587 cretus,
947 540 1010 577 cnm
1019 524 1080 576 belli
1092 538 1190 576 nomen
1200 524 1229 575 in
1240 525 1380 576 metentis

270 612 394 661 tumest:
412 606 468 669 sed,
484 602 804 673 controversieusquesd
839 604 902 672 poni
922 602 1079 671 quibusdem
1102 618 1156 655 non
1177 603 1302 670 placeret.
1342 603 1377 655 ld

270 691 378 739 noctem
390 686 479 747 ducis,
501 688 622 735 senatum
641 700 699 735 esso
714 682 803 735 dimis-
840 683 911 749 quod
923 683 1015 735 Cicero
1033 680 1276 753 Philippieuoeteos
1287 696 1378 750 repre-

271 781 331 817 sum
342 764 480 833 Appisuus
492 762 590 815 scribit.
610 762 738 814 Postridie
748 764 804 813 Au-
840 761 939 823 hendit,
958 776 1039 829 quern
1058 765 1120 813 ente
1137 759 1203 813 ldus
1220 758 1334 813 Mertiss
1346 762 1376 813 iu

271 841 360 893 tonius
372 839 463 903 bostis,
482 839 519 891 ite
530 843 562 891 nt
570 839 676 892 'tullius
694 852 805 890 censue·
841 844 935 891 senatu
947 838 1023 903 dixit,
1035 839 1150 907 graviter
1159 838 1286 891 invehens
1296 839 1324 891 iu
1338 839 1376 903 Q.

271 924 321 982 rst,
328 918 465 985 judicatus
475 918 575 981 fuisset,
586 918 637 969 uisi
648 917 750 969 Salvius
761 916 805 967 tri-
840 918 948 971 Fufium
954 916 1093 983 Calenum,
1103 918 1149 986 qui
1157 916 1276 970 Antonio
1285 918 1378 970 stude-

272 996 361 1049 bunus
370 996 457 1064 plebis
472 996 669 1048 intercessisset.
705 994 805 1047 Decre-
841 996 894 1048 bet.
931 995 1045 1060 Deinde,
1059 1011 1121 1048 eum
1136 994 1170 1047 de
1189 996 1307 1048 emendo
1318 997 1377 1049 Ser.

272 1073 313 1125 vit
321 1076 411 1125 tsmen
423 1076 539 1134 mustus,
549 1076 581 1124 ut
592 1073 627 1125 Ι).
638 1072 738 1125 Brutus
749 1074 805 1123 leu-
841 1074 959 1141 Sulpicio
976 1074 1005 1125 iu
1022 1077 1116 1125 senatu
1128 1078 1258 1141 ageretur,
1280 1075 1378 1127 Cicero

273 1151 387 1213 dumus,
406 1150 478 1220 quod
490 1150 604 1203 Gslliem
623 1152 739 1203 Antonio
751 1164 804 1202 non
840 1168 931 1204 sonem
955 1150 1125 1220 Philippieurs
1145 1152 1231 1216 dixit;
1252 1152 1378 1212 susdeus,

274 1230 460 1282 concessisset:
489 1229 562 1290 item,
584 1232 616 1280 ut
638 1230 729 1281 Coesor
750 1242 805 1280 uns
841 1232 872 1280 ut
882 1230 999 1299 Sulpicio
1016 1232 1104 1282 status
1114 1230 1244 1298 pedestris
1259 1248 1336 1284 renes
1348 1234 1377 1285 in

239 1308 336 1384 ‘possm
354 1308 443 1360 Hirtio
461 1308 489 1359 et
505 1308 595 1359 Psnss
612 1307 732 1358 exercitu
752 1307 805 1367 illo,
842 1308 944 1362 Rostris
952 1311 1102 1375 poneretur
1139 1309 1229 1373 Quem
1238 1314 1378 1363 maerere

273 1401 353 1453 quem
365 1386 482 1447 baberet,
492 1385 593 1436 belluni
604 1384 806 1445 administraret,
841 1402 888 1454 pro
907 1384 1010 1439 Rostris
1025 1385 1144 1453 Augusti
1160 1386 1280 1440 extitisse
1298 1388 1378 1441 Pom-

275 1467 355 1531 stque
371 1468 458 1515 statue
473 1463 512 1514 illi
530 1466 685 1529 poneretur:
703 1467 734 1512 ut
748 1476 807 1512 sen-
841 1465 935 1533 penius
943 1465 977 1516 de
986 1462 1094 1534 Origine
1102 1464 1177 1516 Juris
1185 1468 1306 1519 testatur,
1372 1494 1377 1511 .

274 1544 385 1596 tontism
396 1543 457 1593 loeo
471 1541 602 1592 consulsri
615 1538 725 1601 diceret,
745 1554 807 1590 con·
876 1543 917 1595 M.
938 1543 1037 1595 Brutus
1050 1558 1120 1595 anno
1131 1545 1263 1613 superiore
1275 1562 1310 1599 ex
1321 1547 1379 1599 Its-

275 1623 444 1687 sulstumque
454 1619 548 1670 decem
555 1618 630 1669 aunis
639 1618 719 1685 prius,
727 1632 807 1685 quam
842 1622 878 1673 lis
888 1620 916 1671 iu
927 1620 1060 1673 Graeciam
1071 1621 1210 1689 proiectus,
1221 1638 1284 1675 cum
1292 1625 1380 1677 Albe·

276 1696 692 1767 legcspermitterent,illipetcre
701 1694 806 1747 liceret:
842 1714 890 1750 uss
916 1698 1039 1761 venisset,
1068 1698 1246 1751 adolescentes
1274 1700 1381 1755 nobiles

274 1781 455 1846 qusntemque
466 1774 606 1842 pecuniam
619 1773 747 1826 militibus
765 1789 808 1825 ee·
843 1777 986 1837 Romanos,
1004 1792 1116 1845 quorum
1126 1790 1221 1843 meges
1230 1778 1380 1833 multitudo

276 1873 335 1909 rum
353 1855 496 1923 legionum,
517 1869 577 1922 quae
589 1852 736 1905 Antonium
750 1851 809 1903 reli-
842 1856 895 1907 illic
906 1855 1035 1908 bonarum
1047 1856 1141 1908 artium
1153 1870 1232 1907 esuss
1242 1860 1308 1921 erut,
1324 1858 1381 1912 sibi

276 1930 612 2003 quisseutpsrtsvictoris
623 1929 756 1999 pollicitus
768 1944 809 1982 es·
844 1932 973 1999 adjunxit.
1004 1934 1037 1987 ln
1056 1934 1096 1986 bis
1113 1934 1163 1987 luit
1180 1933 1221 1987 Μ.
1240 1934 1382 1990 Ciceronis

276 2016 326 2077 set,
336 2015 412 2065 tsnts
427 2009 655 2078 publicedsretur.
844 2010 925 2063 libus:
944 2026 1023 2079 quem
1044 2010 1153 2074 Brutus,
1172 2017 1204 2064 ut
1221 2012 1383 2069 Plutarchus

313 2090 384 2143 Haee
404 2076 539 2159 lippientes
548 2084 590 2139 lid.
606 2086 658 2139 111.
671 2080 809 2152 ubi'sddit,
845 2088 943 2151 scribit,
971 2091 1080 2142 sumnus
1100 2090 1222 2143 leudibus
1244 2092 1382 2156 efferebat,

166 2200 170 2208 -
276 2168 426 2236 insequenti
437 2167 480 2220 dic
488 2166 568 2219 tuisse
579 2164 698 2217 decretos
709 2166 810 2232 legatos
844 2166 974 2234 inquiens,
984 2184 1012 2219 se
1023 2168 1106 2231 illum,
1119 2169 1175 2221 sive
1186 2170 1315 2237 vigilsmt,
1324 2172 1382 2225 sire

279 2248 315 2299 ed
334 2246 481 2299 Antonium
501 2260 564 2297 cum
586 2244 726 2309 mandetis,
748 2260 809 2311 quse
846 2244 977 2311 dormiret,
989 2245 1118 2312 admirari,
1137 2248 1209 2315 quod
1228 2250 1330 2301 animus
1352 2250 1382 2304 in

280 2324 437 2377 (licemnem
445 2324 558 2390 scribere
569 2327 677 2375 senatus
687 2324 809 2375 voluerit
846 2338 878 2373 eo
889 2327 943 2375 tem
955 2338 1105 2391 generosus,
1119 2328 1276 2393 tentumque
1287 2327 1382 2381 edium

280 2402 811 2459 Doel.xbv.etxnv1.eaeemrere
846 2406 1015 2469 tyrannorum
1036 2406 1114 2455 esset.
1147 2401 1249 2456 Bmtus
1268 2404 1330 2457 inde
1350 2407 1382 2459 in

279 2485 378 2545 emat,
398 2487 427 2535 et
444 2484 565 2534 senatum
584 2480 676 2532 eliel.
691 2480 752 2555 len.
765 2494 811 2547 per
847 2480 1035 2533 Macedonium
1070 2484 1246 2551 tronsgmssus
1274 2482 1383 2537 Cicero-

245 2590 248 2593 ·
280 2561 396 2615 tdduum
408 2559 743 2626 bubimmsenteutiosque
756 2558 812 2611 die·
846 2558 1004 2611 nemtilium
1013 2560 1384 2631 secumduxit,e0quelegu·

279 2647 330 2702 tes,
350 2645 378 2692 et
388 2638 497 2710 tandem
511 2638 670 2705 legationem
682 2637 715 2689 erl
728 2637 812 2691 Anto·
845 2643 874 2690 to
885 2652 949 2690 usus
961 2640 1045 2690 multe
1056 2636 1166 2691 feliciter
1174 2640 1265 2707 gessit,
1277 2645 1308 2693 ut
1319 2642 1386 2695 Plu-

281 2719 355 2772 nium
364 2720 472 2771 missam
483 2717 564 2769 misse
573 2714 618 2767 eit
847 2717 955 2768 tsrchus
965 2717 993 2768 in
1002 2716 1089 2771 Bruto
1100 2721 1227 2771 testetur:
1245 2723 1273 2771 et
1281 2720 1385 2775 Bmtur

287 2852 292 2859 ,
315 2798 411 2864 ltsque
431 2796 514 2863 pridie
525 2794 619 2847 Nouos
634 2792 696 2845 an.
712 2793 812 2845 iactum
847 2794 1384 2867 inepistolcadciceronempstrem,quae

281 2875 552 2927 senatus-consultum
567 2870 625 2933 tuit,
637 2876 669 2923 ut
686 2872 740 2923 Ser.
754 2873 813 2923 Sul·
848 2888 920 2925 nune
931 2876 972 2924 est
988 2872 1064 2925 tertia
1075 2872 1143 2937 libri,
1155 2874 1200 2941 qui
1212 2875 1248 2927 sd
1266 2875 1384 2931 Brutum

281 2951 377 3022 picius,
396 2950 429 3001 1..
442 2951 503 3003 Piso
514 2956 541 3002 et
559 2950 591 3001 1..
604 2948 739 3017 Philippus
752 2964 812 3001 eum
849 2954 932 3013 extet,
949 2952 987 3004 ite
1007 2952 1109 3004 scribit:
1129 2952 1218 3005 Cicero
1229 2952 1305 3023 filius
1323 2965 1385 3010 tenes

282 3028 414 3082 mundetis
423 3028 456 3078 sd
466 3026 611 3080 Antonium
620 3029 814 3094 proficisceren·
849 3030 886 3083 sic
893 3030 955 3081 miii
964 3048 990 3081 se
997 3029 1089 3100 probet
1100 3029 1234 3095 indum,
1248 3034 1384 3102 potientis,

283 3114 334 3161 tur.
370 3106 459 3169 Quum
470 3121 526 3156 rem
546 3104 587 3157 M.
603 3104 709 3157 Tullius
719 3106 814 3158 eodem
850 3107 1386 3183 utoreasimimagmrucimanimtmg-

283 3185 328 3238 die
339 3184 367 3236 in
383 3182 510 3236 concione
522 3184 646 3251 exposuit
656 3182 747 3236 habits
758 3200 814 3235 oro·
849 3186 969 3251 niobae,
980 3188 1047 3239 omni
1056 3189 1163 3258 durique
1171 3188 1259 3255 officio,
1270 3200 1300 3243 st
1308 3208 1387 3261 prora

282 3265 452 3331 tioue‚qusm
460 3270 530 3315 rma
541 3258 688 3332 Philippica
696 3278 815 3331 compre-
850 3282 893 3318 sss
903 3282 1029 3335 nunquam
1046 3266 1172 3319 dimittere
1188 3267 1301 3322 ridmtsn
1315 3269 1387 3340 reg-i-

283 3342 383 3396 bendit.
417 3340 461 3393 De
479 3339 573 3408 tegatis
591 3339 653 3393 ride
669 3357 708 3410 ep.
729 3344 754 3395 8.
773 3338 815 3395 lit.
851 3346 976 3407 tutionem
989 3344 1060 3417 cssjos
1070 3344 1190 3415 eitfilies.
1246 3402 1252 3411 ,

284 3416 713 3475 sst-etbl.lib.xl1.1·⁷rnsii
841 3486 844 3493 Δ
885 3422 924 3476 Ut
937 3424 979 3476 vel
1000 3423 1062 3476 hinc
1083 3440 1172 3477 comm
1190 3424 1323 3491 imperitis
1339 3426 1387 3495 (ne

317 3500 387 3553 cnm
398 3499 479 3567 legsti
490 3496 680 3553 sdAntoniuur
687 3497 760 3552 missi
768 3512 816 3553 ex·
852 3501 914 3572 quid
935 3502 1040 3570 gessius
1059 3501 1158 3567 dicem)
1174 3504 1316 3568 usmetun
1341 3506 1387 3572 qui

283 3584 460 3648 permenius,
479 3577 590 3645 ejusque
601 3576 681 3629 amici
690 3592 816 3645 response
851 3597 942 3635 rerum
957 3596 1015 3633 esse
1028 3596 1082 3633 uon
1094 3584 1196 3650 putent,
1206 3578 1279 3647 quod
1290 3580 1388 3634 Cicero

243 3689 247 3700 ·
283 3658 355 3710 illius
370 3658 562 3726 contingerent,
583 3654 625 3708 bt.
636 3656 750 3719 Tullius,
762 3674 817 3709 me·
851 3660 892 3714 lib.
904 3660 940 3714 ΙΙ.
950 3660 980 3713 de
992 3648 1097 3727 offis-ils,
1109 3676 1163 3730 cap.
1179 3664 1218 3713 lti.
1232 3658 1277 3725 ait,
1292 3660 1386 3728 lilium,

284 3739 372 3797 meus,
382 3750 416 3787 ue
427 3741 578 3789 senstomm
589 3734 670 3786 snimi
678 3735 712 3787 sd
721 3750 816 3803 pacem
853 3738 923 3793 bello
932 3739 1003 3792 civili
1012 3755 1028 3791 s
1038 3740 1165 3807 Pompeio
1176 3740 1226 3791 ulei
1234 3738 1310 3791 elteri
1319 3756 1389 3808 prse-

283 3811 449 3877 inclinarent,
466 3812 598 3865 bsbnitin
608 3817 704 3866 senem
716 3812 816 3882 Pbibp-
853 3815 961 3879 leolum,
971 3816 1387 3883 mugeemlsudemetsmmmo

283 3890 367 3961 piceos
375 3888 513 3959 oepfirsen,
524 3890 553 3941 lu
564 3906 618 3957 que
627 3905 722 3957 pacem
733 3890 817 3943 tribus
853 3894 909 3947 viro
920 3896 992 3965 et'sb
1003 3893 1123 3947 exercitu
1140 3898 1312 3947 consecutum
1324 3894 1388 3947 luis-

282 3967 319 4021 dc
338 3967 425 4020 censis
440 3968 592 4020 dissuadm
611 3967 737 4029 Primum,
755 3970 818 4036 quis
854 3970 1388 4043 seoquitendo‚jsouleudo,omuiqnesui·

285 4048 320 4099 sit
340 4046 433 4113 turpis,
451 4044 555 4107 deiide,
573 4046 636 4113 quis
655 4043 817 4113 periculum
853 4051 921 4104 litari
938 4050 1026 4104 lsbore
1037 4050 1184 4106 tolersndo.
1218 4051 1390 4121 Sedsdpro-

282 4128 426 4195 postremo,
448 4124 511 4192 quis
525 4138 584 4175 esse
595 4138 648 4174 non
659 4122 750 4190 possit.
784 4126 817 4179 In
853 4131 976 4198 peribunt.

284 4202 417 4273 legetione
423 4202 480 4255 Ser.
486 4199 620 4269 Sulpicius
626 4206 737 4253 mortem
744 4203 817 4257 obiit.
887 4208 971 4261 Venit
981 4206 1022 4261 M.
1035 4206 1136 4261 Brutus
1148 4208 1176 4261 in
1188 4208 1390 4279 Macedoniam,

282 4282 348 4337 Piso
360 4285 388 4333 et
399 4280 538 4350 Philippus
546 4280 664 4333 -liomsm
675 4282 771 4335 reversi
782 4282 816 4336 eb
854 4302 916 4338 cum
928 4286 962 4351 Q.
979 4284 1125 4340 Hortensio
1136 4287 1277 4340 decedenti
1288 4288 1319 4340 C.
1331 4288 1391 4342 An-

284 4359 403 4417 Antouio
429 4358 463 4411 ed
492 4364 616 4415 senatum
642 4359 817 4414 intolcmbllis
854 4364 950 4429 tonius,
963 4364 1391 4431 Mereilrstes,succederetsed

279 4438 418 4510 pestulsts
428 4439 584 4500 retulerunt,
603 4456 641 4509 ep.
653 4444 678 4495 ⁴.
691 4438 733 4494 lit.
746 4440 815 4494 xli.
855 4440 1014 4495 Hortensius
1026 4444 1180 4507 exercitum,
1191 4457 1272 4509 quem
1283 4442 1391 4497 delectu

281 4518 360 4573 fers.
377 4514 606 4573 obtexisti
655 4564 663 4584 ,
695 4539 699 4550 ·
855 4518 944 4573 babilo
954 4522 1153 4591 conscripserit,
1171 4520 1256 4575 Bruto
1272 4522 1391 4575 tredidit.
