2992 5017
312 284 385 357 4216
651 285 786 341 sunu
813 287 1038 343 esnesnrr

313 428 470 499 cistophoris
488 427 568 495 plena
587 419 636 480 cs't.
671 427 753 482 Unde
765 425 939 494 adulescenti,
949 429 997 498 qui
1007 429 1059 481 snb
1067 427 1162 482 vitrico
1170 429 1288 496 mutat,
1301 447 1403 486 numo·

314 523 372 560 mm
384 505 504 558 mutum?
522 506 650 573 quidest,
665 507 738 575 quod
751 508 818 560 nulli
833 512 896 565 sunl
916 507 1017 575 bigati?
1035 505 1103 575 quid
1123 507 1196 576 quod
1210 513 1316 564 noctus
1336 514 1404 581 quid

303 587 385 658 'quod
405 603 452 656 per
470 600 561 638 servos
577 586 702 640 Murenae
717 589 792 642 missi
802 585 911 643 suntad
920 589 1067 642 adituum?
1085 589 1284 656 Exosudeseis,
1297 594 1404 647 Natta?

316 666 394 720 amici
402 666 493 731 servis,
502 665 602 733 inquis,
614 669 670 717 tam
682 665 752 718 bene
764 671 833 732 utor,
844 683 925 736 quam
935 668 1011 720 meis.
1042 667 1164 720 Perbelle
1174 683 1251 722 nuuc
1262 675 1403 731 concedis.

315 745 391 812 quasi
402 741 574 812 philosophus
580 743 685 812 aliquis,
696 747 786 799 omnia
797 746 944 799 amicorum
952 745 1109 800 eommunia
1124 761 1201 800 esse:
1221 745 1244 800 si
1261 751 1333 818 quid
1352 769 1402 820 ego

315 815 395 874 amsii
404 836 486 874 causa
494 824 522 872 te
533 820 628 873 lenisse
639 821 737 885 dimin,
748 837 831 891 negas
839 824 910 878 ilico.
945 823 1070 890 Fraudis,
1081 825 1153 878 bone
1164 824 1337 890 adoleseeus,
1347 845 1401 882 sec-

314 897 580 952 tatoribnsdedisti:
604 899 704 952 nihilne
726 901 761 954 ad
783 902 929 956 Murenam
948 902 1066 970 suspicio
1077 903 1192 956 attinet?
1211 919 1279 958 oum
1291 923 1399 976 equum.

308 982 426 1042 uestem,
435 977 580 1045 pennulam
588 976 680 1030 mlum
691 980 778 1034 abste
790 979 927 1034 sodalibus
936 979 987 1041 aio,
1000 980 1118 1048 quereris
1129 981 1264 1048 protinus,
1275 984 1399 1054 impediri

163 1107 167 1115 ,
310 1075 332 1110 a
342 1073 387 1110 me
398 1055 584 1109 liberalitatem
596 1059 697 1110 tuam·
716 1060 780 1122 Quo
792 1076 834 1112 me
845 1063 955 1122 vertam
966 1057 1096 1112 ludices?
1113 1059 1180 1128 quid
1191 1063 1344 1129 appellem,
1356 1069 1397 1117 aut

196 1191 200 1198 ⁴
311 1137 463 1205 implorem,
479 1133 530 1186 nisi
548 1136 717 1203 prudentium
738 1141 768 1190 et
785 1137 942 1204 sapientiam
965 1137 1099 1189 vesuami
1117 1138 1190 1190 Cum
1206 1139 1250 1193 liis
1261 1143 1333 1195 aide
1341 1144 1397 1210 jure

314 1214 457 1274 contendo,
468 1226 547 1279 opera
558 1212 675 1265 luditur:
693 1215 788 1267 omitto
800 1215 1046 1280 tyronem,exoutiu
1056 1217 1226 1270 numanum.
1250 1219 1396 1274 Praefectus

314 1292 420 1344 labrum
431 1289 573 1359 pecuniam
584 1289 713 1343 militibus
724 1297 857 1358 prasente
868 1290 1025 1344 Puslhumiu
1036 1291 1166 1345 mundato
1177 1292 1311 1350 Murenae
1317 1297 1394 1358 dedit,

315 1372 476 1422 etexousat
512 1367 579 1420 Erat
588 1367 655 1420 illud
665 1368 803 1436 viaticum.
813 1384 867 1422 non
878 1368 991 1435 largitio.
1022 1369 1115 1433 Quid?
1133 1371 1208 1438 quud
1221 1374 1394 1438 tumdedisti,

312 1443 379 1493 ¹eum
390 1440 516 1493 Murenae
525 1439 594 1491 itum
605 1437 770 1492 estobriam.
807 1439 881 1502 Quid
897 1439 953 1492 ais?
982 1441 1012 1492 Si
1035 1439 1142 1493 obuium
1156 1441 1229 1494 itum
1244 1459 1302 1498 nou
1319 1452 1395 1509 esset.

316 1535 382 1573 nuru
393 1517 529 1572 dedisses?
540 1515 603 1568 Nun
611 1530 729 1583 possum
737 1517 834 1585 iuquit,
845 1517 972 1570 divinum.
990 1517 1030 1570 At
1036 1516 1125 1570 berula
1133 1518 1221 1573 divini
1233 1527 1264 1574 et
1271 1523 1395 1580 eoelmles

314 1599 363 1651 uiri
373 1598 400 1649 bi
410 1596 521 1650 Judioes
531 1594 697 1648 diviusbuut.
726 1595 876 1648 Praefectus
887 1595 937 1648 isto
945 1595 1049 1649 labmm
1061 1597 1176 1664 prandia
1186 1598 1329 1656 tribulibus
1338 1604 1393 1656 auis

316 1677 413 1751 eludo
434 1673 610 1726 redeuntibus
623 1673 709 1736 dedit,
727 1676 789 1743 plus
807 1689 889 1743 quarn
911 1677 1047 1728 benuntia
1082 1674 1158 1738 Quid
1179 1681 1226 1730 ost
1241 1679 1390 1746 mlgodare

315 1755 435 1825 praisdis,
445 1753 468 1805 si
479 1751 537 1804 haee
549 1767 603 1803 nun
614 1757 678 1804 snut
687 1753 751 1805 data
762 1753 859 1821 vulgo?
878 1751 1059 1810 Seutabanlur
1078 1752 1253 1808 candidatum
1268 1756 1387 1824 quotidie
1455 1771 1456 1808 r

314 1835 427 1903 equites,
438 1829 550 1899 patricii,
559 1830 708 1883 tenuiores:
726 1847 818 1884 eurum
828 1832 894 1893 dux,
904 1834 934 1883 et
945 1831 1020 1897 qusai
1034 1829 1191 1885 moderetur
1211 1839 1267 1886 erat
1279 1834 1319 1888 M.
1330 1835 1386 1888 Lu·

315 1913 411 1971 esdlus,
420 1915 449 1961 et
456 1923 510 1960 non
520 1907 573 1958 luit
580 1907 713 1961 ambitus:
731 1909 859 1978 quidhoc
870 1911 919 1972 est,
930 1909 953 1961 si
963 1909 1081 1962 ambitus
1101 1925 1155 1964 uon
1173 1915 1234 1965 est?
1252 1917 1331 1966 truta
1345 1929 1386 1966 se·

315 1985 574 2041 uatus-oonsultum:
592 1988 621 2038 δι
635 2001 773 2042 sanusne
785 2001 893 2042 usvssrs
907 2001 1078 2042 csnurusrrs
1092 2001 1201 2055 renim,
1212 2005 1239 2044 sr
1252 2005 1385 2046 cunuuctr

308 2077 525 2129 summumne,
535 2077 558 2116 ss
577 2077 803 2120 ussursronruus
821 2080 916 2120 vusuo
934 2081 1021 2120 sucus
1039 2080 1213 2134 unimanus,
1224 2084 1251 2124 ει
1270 2061 1389 2124 enarum

308 2159 411 2198 -vuuau
423 2155 666 2205 presumentes
679 2157 775 2197 seusu
788 2158 969 2198 cirenensis
985 2157 1097 2198 sacrus
1118 2160 1233 2202 viuum.
1269 2149 1342 2212 Quid
1353 2153 1389 2202 est

314 2224 439 2279 mercede
457 2221 563 2276 obuiam
581 2221 629 2286 ire,
646 2221 697 2275 nisi
714 2223 896 2274 emolumento
916 2223 1048 2291 accepto?
1068 2223 1169 2290 Vestis,
1180 2243 1279 2296 equus,
1290 2233 1388 2281 nonest

310 2299 542 2358 emolumentum?
561 2300 634 2366 Ergo
650 2301 673 2353 si
688 2305 789 2355 vestem
811 2299 938 2353 militibus
958 2300 1006 2353 dat
1020 2302 1172 2371 imperator,
1188 2304 1212 2356 si
1230 2305 1387 2358 trumentum

309 2383 505 2447 ·u1etitur,uon
525 2379 572 2432 dut
589 2377 759 2432 mercedem?
777 2378 800 2429 si
822 2378 964 2446 pecuniam
983 2378 1066 2445 dedit,
1089 2395 1145 2432 non
1165 2385 1232 2434 suut
1251 2383 1386 2436 conducti?

315 2460 432 2515 Praedia
449 2459 513 2511 datu
529 2461 593 2510 suut
612 2456 754 2509 tribulibus
771 2457 912 2524 plusquam
930 2458 1064 2520 trecentis.
1076 2472 1130 2511 uun
1143 2464 1209 2514 suut
1219 2461 1386 2530 datarulgu:

314 2540 380 2609 quid
390 2536 615 2606 ergoestvulgul
632 2533 713 2599 Quod
725 2535 826 2588 luctum
842 2541 891 2600 est,
911 2535 1082 2589 eouoedunt:
1100 2538 1175 2606 quod
1196 2541 1383 2594 consectarium

308 2624 365 2683 est,
375 2621 490 2685 tregam:
508 2613 734 2682 turpissimatuga
744 2619 794 2667 est.

349 2699 424 2751 Solet
433 2689 671 2758 tentonicam:
681 2693 728 2761 qui
744 2693 808 2746 violi
825 2693 887 2756 sint,
904 2691 1052 2760 desperetis
1067 2695 1148 2748 rebus
1163 2697 1309 2752 eonsilium
1320 2713 1384 2766 sepe

315 2791 412 2844 cepere
427 2777 566 2841 cogantur,
577 2770 688 2827 nduime
705 2770 830 2826 salutum.
866 2770 921 2823 Sed
936 2785 985 2824 uus
1001 2772 1182 2840 insequamur,
1193 2779 1223 2827 et
1242 2777 1317 2830 nullo
1334 2779 1385 2831 locu
1454 2781 1455 2786 ’

307 2858 435 2907 sinamus
444 2851 597 2904 consistere.
617 2849 723 2902 Licinia
731 2851 777 2904 lex
789 2854 830 2904 est
840 2847 874 2902 de
885 2849 1030 2903 sodalitiis:
1042 2850 1086 2903 diu
1098 2853 1218 2919 tandem,
1230 2855 1323 2918 Natta.
1331 2869 1384 2925 qua·

315 2931 366 2984 tibi
377 2937 442 2982 sunt
451 2927 626 2980 sodalitates?
641 2943 742 2982 au-uun
761 2944 860 2990 eurum,
870 2927 1032 2997 quibuscum
1047 2929 1172 2984 lllurenae
1183 2932 1252 2986 itum
1270 2940 1312 2988 est
1322 2933 1386 2986 obii·
1454 2985 1455 2998 p

307 3008 379 3062 sm?
397 3008 469 3060 Ante
484 3007 641 3073 petitionem
660 3005 786 3060 Murenae
806 3007 932 3075 perpauci
948 3007 997 3060 tibi
1012 3015 1090 3063 erent
1109 3010 1225 3075 moles,
1244 3012 1385 3080 epulabaris
1454 3041 1455 3052 π

311 3085 430 3149 modice,
441 3083 564 3150 ingentes
572 3079 728 3136 sodalitates
739 3085 955 3138 ateeouatitutsu
975 3089 1052 3139 snut:
1071 3089 1220 3142 constituta
1237 3090 1312 3144 illius
1326 3091 1386 3159 peti-

310 3166 402 3227 tioae,
423 3160 541 3212 invitasti
557 3160 695 3226 *centurias
711 3161 843 3228 eqsritum,
860 3179 928 3230 quas
946 3161 1072 3218 Murenae
1091 3165 1250 3233 suffrag-stas
1266 3167 1385 3234 videmus

316 3239 574 3302 Vitnoustnnqoni
585 3238 769 3305 :equuelsarus
780 3254 859 3302 es,uu
875 3239 947 3292 luisti
967 3241 1044 3307 patri,
1063 3249 1145 3310 negat
1164 3244 1245 3298 luisse
1264 3251 1291 3298 te
1310 3263 1386 3316 queu-

316 3333 398 3391 qnaut
408 3316 495 3382 magis
506 3315 666 3380 modestum,
674 3332 707 3368 au
719 3315 802 3383 frugi:
820 3318 891 3385 quod
904 3322 997 3370 eontra
1013 3320 1098 3386 legem
1115 3321 1258 3388 licinium,
1270 3325 1386 3378 Cinciam

271 3407 286 3469 j
307 3405 345 3455 -et
355 3395 619 3456 Corneliamleueris,
630 3395 739 3463 culpam
750 3411 856 3448 omnem
868 3395 977 3462 conjicit
993 3397 1021 3449 in
1031 3414 1094 3452 eum
1106 3399 1154 3468 qui
1173 3407 1200 3454 te
1216 3401 1328 3478 perdidit
1341 3419 1386 3470 pc·

316 3476 485 3534 cuniulatus
493 3474 580 3528 Fabia
589 3478 632 3526 est
641 3474 677 3526 de
687 3489 798 3528 numero
809 3477 986 3528 sectaturum:
999 3477 1034 3528 du
1044 3491 1156 3530 numeru
1166 3494 1219 3533 nou
1229 3479 1384 3544 laboramus,

306 3573 397 3612 nemu
408 3554 544 3609 deduetus
552 3552 630 3605 estin
641 3567 777 3621 eampum,
784 3552 979 3606 nemodumum
991 3554 1118 3608 reductus
1125 3560 1167 3609 est
1175 3557 1267 3624 majori
1277 3573 1386 3612 uumcro

316 3639 489 3690 scutatorum.
518 3631 579 3684 Lex
588 3631 864 3698 Culpumiavetetne
876 3631 997 3698 pecunia,
1006 3648 1040 3686 ne
1051 3636 1133 3702 vulgo
1142 3635 1226 3700 locus,
1235 3653 1268 3690 ue
1278 3641 1386 3706 prandia

316 3715 428 3766 dentur:
447 3710 570 3780 pecnnia,
581 3709 746 3777 spectacula,
759 3708 870 3774 prandia
885 3709 1005 3762 tributim
1023 3711 1087 3766 dala
1105 3721 1176 3768 suut.
1213 3717 1386 3778 liberatum.

317 3791 441 3851 ludices,
459 3791 501 3844 Μ.
511 3788 617 3842 'l'ullius
630 3801 729 3855 magno
744 3785 842 3849 labore,
860 3802 895 3840 ne
917 3792 998 3842 testem
1017 3792 1212 3858 producamus:
1239 3804 1306 3850 sunt
1322 3801 1385 3852 enirn

317 3870 407 3921 omnia
417 3870 445 3920 iu
453 3868 548 3921 illustri
560 3867 627 3926 loco,
639 3866 666 3918 in
675 3870 823 3932 conspectu
834 3865 925 3933 populi
940 3867 1056 3922 Romani
1068 3871 1170 3938 positu:
1189 3873 1290 3928 latetur
1306 3885 1385 3946 patro·

317 3961 379 4002 nus,
387 3947 512 3998 coneedit
522 3946 561 3996 rei
572 3945 687 4000 nomine.
724 3943 823 3996 Videte
833 3944 863 3995 iu
874 3960 955 4013 quem
963 3948 1094 4014 angulum
1107 3965 1148 4002 res
1157 3949 1278 4006 deducta
1287 3965 1339 4008 est:
1351 3963 1383 4006 tot
1453 4009 1454 4014 ,

316 4021 451 4087 tenusque
460 4022 592 4085 derebus,
603 4037 688 4076 uuum
698 4027 741 4074 est
753 4037 908 4089 responsum
920 4025 1129 4093 eloquentissimi
1141 4029 1263 4092 oratoris,
1275 4035 1339 4088 mira
1348 4041 1383 4086 est
1453 4071 1454 4086 r

317 4095 880 4168 angustianoubabetjumquose‘rertat.
915 4101 987 4164 Quid
999 4102 1103 4172 iuquit?
1134 4105 1252 4162 Etss'lsus
1261 4109 1381 4180 saumas

308 4179 433 4244 ,Murum
445 4175 555 4237 onmium
564 4175 684 4237 indices,
694 4193 747 4229 uon
756 4185 802 4242 eu,
813 4177 844 4230 ab
855 4178 909 4251 q'ss
919 4181 1010 4250 amicis
1018 4191 1102 4236 orders
1113 4201 1182 4238 mors
1201 4195 1227 4237 es
1247 4191 1320 4242 modo
1327 4189 1383 4260 sss·

315 4270 377 4314 sm·
383 4264 429 4308 est.
456 4253 533 4308 lianc
544 4254 671 4306 taudem?
688 4257 775 4310 utistu
785 4271 858 4309 mure
866 4263 895 4310 et
905 4259 986 4312 ruodo
997 4262 1071 4328 quud
1078 4261 1204 4316 iecissent
1211 4269 1381 4334 superioribus

285 4380 289 4385 ,
316 4338 394 4392 annis
404 4332 560 4388 nobilissimi
572 4331 619 4384 viri
628 4332 659 4384 P.
666 4333 775 4400 Sylluet
785 4333 815 4386 P.
826 4335 1113 4400 Autronius,cuusules
1122 4341 1264 4409 designati,
1272 4347 1382 4400 danum

315 4421 391 4471 sunt:
411 4413 528 4468 Murena
537 4410 706 4463 absolvetur?
724 4412 821 4466 Creslu.
857 4416 928 4468 Nau:
948 4418 1013 4484 quid
1037 4434 1085 4486 per
1102 4417 1176 4470 Deus
1195 4423 1255 4474 est?
1273 4423 1380 4478 Murem

315 4508 369 4546 nou
379 4489 536 4551 looitsmiui
544 4488 604 4554 ejus
615 4489 754 4543 lecerunt?
773 4491 845 4554 Quid
856 4493 877 4544 si
892 4493 1007 4548 Murena
1019 4495 1133 4558 lecisset,
1144 4497 1380 4557 condemnaretur:
