2992 5017
420 291 481 346 DE
510 291 569 346 RE
598 293 960 350 unumunurm.
1154 295 1226 364 317

144 425 319 483 observatum
328 433 370 485 est
378 433 498 487 modium
510 389 661 488 bominibus
669 439 731 488 oeto
739 415 843 488 alendls
853 435 882 488 in
893 434 966 490 diem
974 436 1099 490 sufficere.
1128 436 1226 507 Itaque

144 505 230 560 modii
246 506 322 578 quini
335 510 437 564 vietum
450 511 578 564 diurnum
589 513 692 566 dabunt
706 513 884 582 quadraginta
893 513 1060 578 bominibus;
1078 529 1135 580 scu,
1151 515 1226 584 quod

144 580 220 638 idem
236 590 287 651 est,
300 587 352 642 nni
362 587 464 641 bomini
481 605 532 657 per
543 590 718 658 quadraginta
735 591 809 654 dies;
827 591 964 646 aturensis
981 598 1023 643 est
1039 591 1145 644 dierum
1157 591 1226 646 dun-

145 665 226 716 taxat
237 665 354 733 triginta.
389 667 438 721 Sin
449 671 541 721 antem
550 667 634 721 modii
644 667 749 720 familiis
759 667 869 735 singulis
880 668 956 737 quini
968 669 1180 736 assignabantur,
1193 673 1226 724 ut

146 739 211 792 inde
221 742 411 809 paterfamilias
421 760 475 797 uon
485 744 572 798 solum
583 747 760 812 sitammam,
769 746 816 798 sed
827 751 855 798 et
861 745 983 815 conjugis
995 763 1027 799 ac
1034 743 1147 799 liberum
1158 747 1224 800 tole-

144 821 225 884 raret,
242 819 382 874 fatendum
400 827 442 877 est
459 837 541 891 parce
552 822 697 890 praebitum
714 823 795 876 risisse
813 823 848 876 ad
864 824 966 877 victum
982 823 1176 894 quotidianum,
1196 827 1226 876 et

145 910 205 950 rem
215 901 272 951 tam
280 914 392 966 parvam
403 916 457 953 non
468 897 599 954 dmleirse
609 918 673 954 esra
673 900 820 972 familiari:
839 907 871 955 nt
879 903 916 956 ait
928 902 1034 970 Macer,
1044 901 1225 974 opaddulbssr.

144 974 256 1031 111.1o.
272 977 327 1030 Sed
338 983 370 1031 ut
382 977 549 1046 largitionem
557 994 605 1048 per
616 979 836 1032 bmibasfaclam
847 994 902 1032 nou
913 979 1029 1052 credam,
1040 980 1104 1035 facit
1114 979 1226 1036 Sueten.

144 1050 238 1108 insul
246 1073 301 1126 cap.
309 1057 408 1110 liubi
415 1056 455 1109 sic
466 1057 520 1110 ait:
532 1055 716 1111 Gesarrerm
720 1057 828 1128 polim,
837 1055 967 1128 remisisti
975 1059 1139 1130 neumisque
1147 1057 1227 1114 sedi-

145 1129 711 1205 lumpmemsmeemepallieo,
734 1135 887 1190 ad'ceabes
904 1134 1223 1208 qninquaginturmucit.

147 1210 233 1264 Enim
244 1228 306 1266 vero
317 1229 352 1266 an
361 1218 403 1266 tot
413 1212 572 1266 familiarum
583 1213 667 1268 millia
677 1215 847 1282 acceperint?
857 1229 911 1268 uon
920 1213 954 1267 sit
964 1214 1111 1270 verisimile.
1129 1216 1226 1284 Neque

147 1295 244 1345 tamen
255 1291 352 1345 viritim
362 1291 453 1345 datam
464 1297 538 1361 puto,
550 1291 623 1363 quod
634 1292 742 1360 largius,
755 1307 836 1362 qnam
847 1307 897 1361 par
907 1295 957 1356 est,
968 1293 1111 1361 praebitum
1123 1293 1224 1348 fuisset.

148 1370 181 1423 Si
190 1369 344 1436 conjecturs
352 1370 471 1436 utilibet,
483 1371 555 1439 qnod
566 1375 658 1424 tamen
668 1372 696 1423 in
704 1385 733 1422 re
745 1373 800 1422 tam
810 1370 924 1423 obscura
932 1387 1042 1424 neeesse
1050 1377 1100 1434 est,
1108 1373 1226 1439 credam,

149 1447 269 1504 foeminis
284 1449 406 1513 exclusis,
424 1464 511 1501 mares
526 1447 605 1511 solos,
622 1453 725 1517 patrem
740 1447 811 1513 dico,
829 1454 857 1501 et
874 1453 962 1515 natos,
979 1450 1026 1518 qni
1044 1453 1134 1504 esseut
1144 1454 1226 1506 aetate

148 1526 267 1590 militari,
283 1526 411 1579 admissos
421 1526 455 1578 ad
469 1525 549 1579 istam
561 1526 728 1593 largitionem
744 1525 835 1591 fuisse,
850 1527 890 1579 ita
900 1532 932 1581 ut
942 1543 991 1596 pcr
1006 1529 1096 1596 capita
1110 1529 1228 1582 frumen·

148 1609 209 1658 tum
220 1603 416 1674 quodammodo
432 1603 640 1668 distribueretur,
657 1619 746 1674 neque
757 1609 856 1670 tamem
873 1609 906 1658 ut
917 1605 1041 1659 Licinius
1057 1607 1227 1675 querebatur,

144 1681 284 1737 «eadmer
297 1699 360 1736 eura
366 1681 503 1754 familiari
514 1692 567 1735 taor
573 1700 656 1753 porra
666 1700 718 1747 res,
734 1699 798 1754 quae
810 1683 873 1752 quia
885 1683 972 1738 minor
983 1689 1041 1738 erat
1057 1685 1162 1739 alendae
1174 1687 1226 1739 toti

144 1762 263 1830 familiae,
282 1761 385 1823 marite,
401 1762 520 1831 iuquam,
537 1765 566 1814 et
578 1760 686 1830 conjugi
697 1778 760 1817 cum
772 1760 868 1830 liberis,
883 1762 991 1832 plebem
1002 1762 1037 1816 ab
1047 1763 1178 1819 industria
1190 1765 1226 1819 ad

144 1840 278 1895 desidiam
289 1855 344 1893 non
354 1843 487 1893 avocuet.

180 1918 266 1974 vul.
284 1919 329 1972 Ad
338 1919 502 1972 frumentum
508 1919 647 1987 publicum
655 1917 866 1972 admittebantur
875 1919 947 1972 cives
954 1919 1071 1974 Romani
1082 1921 1224 1988 tenuiores,

145 1999 203 2052 sive
220 1997 332 2066 ingenui
348 2000 446 2061 essent,
465 1997 520 2050 sive
537 1995 662 2062 libertini,
679 1995 735 2064 sire
746 1998 858 2067 nobiles,
874 1999 930 2052 sive
944 1998 1059 2063 obscuri,
1077 2000 1225 2054 dummodo

145 2077 244 2130 Romae
255 2075 421 2129 domicilium
432 2074 569 2129 heberent.
603 2076 648 2128 De
660 2073 829 2127 tenuioribus
845 2090 899 2128 non
917 2080 959 2129 est
974 2077 1047 2145 quod
1059 2077 1223 2132 dubitemus.

143 2155 294 2222 Accepisse
302 2152 408 2206 nobiles
415 2154 444 2206 et
451 2152 607 2207 consulares
613 2151 742 2206 discimus
750 2168 786 2205 ex
798 2152 938 2217 Cicerone,
950 2154 1005 2223 qni,
1016 2153 1075 2222 lege
1086 2157 1141 2209 lata
1149 2157 1226 2210 Sem-

143 2232 241 2302 pronia
251 2231 379 2285 Pisonem
392 2229 472 2298 frugi,
479 2232 646 2284 consularem
657 2230 802 2297 bominem,
816 2232 852 2283 ad
864 2231 1051 2299 accipiendum
1062 2233 1226 2290 frumentum

143 2310 252 2363 venisse
263 2309 310 2361 ait
345 2307 569 2362 melmae.
603 2307 685 2372 Quod
696 2307 836 2361 Gracchus
853 2324 915 2361 cnm
932 2309 1044 2371 videret,
1061 2324 1115 2363 non
1125 2311 1227 2378 objecit

143 2387 238 2443 Pisoni
250 2385 389 2440 avaritiam
399 2385 538 2454 indignam
547 2386 604 2439 viro
615 2385 761 2438 consulari:
775 2385 848 2454 quod
856 2401 920 2438 sane
932 2385 1046 2448 fecisset,
1055 2387 1077 2439 si
1090 2389 1225 2457 apublico

143 2466 280 2520 frumento
290 2465 378 2518 ciuem
394 2463 520 2517 nobilitas
537 2463 675 2517 arcuisset.
709 2462 814 2527 Quaerit
825 2463 859 2515 ab
878 2477 910 2515 eo
921 2468 1035 2531 tautum,
1054 2465 1098 2536 pli
1110 2463 1158 2522 ribi
1167 2485 1226 2521 con-

142 2541 890 2614 stet‚cuseeelegesruraenbrrspetot,wmdismoserar.

180 2621 293 2686 Eorum,
311 2621 359 2689 qui
374 2621 539 2682 frumentum
554 2625 690 2688 cuperent,
709 2619 819 2673 uomina
830 2618 964 2688 descripta
978 2620 1006 2673 in
1024 2618 1120 2674 Albrrm
1130 2620 1226 2674 refere-

143 2702 254 2754 bantur.
287 2697 351 2763 Dic,
368 2697 412 2752 lib.
421 2702 465 2752 ³9.
500 2698 538 2751 Et
548 2703 580 2750 ut
597 2713 632 2750 ne
647 2698 708 2767 quis
725 2714 756 2752 se
772 2697 949 2762 obstruderet,
968 2698 1078 2765 singulis
1089 2697 1225 2752 mensibus

142 2795 195 2850 per
203 2794 266 2832 eum
276 2778 324 2848 qui
335 2777 467 2831 frumento
479 2776 662 2829 distribuendo
673 2777 818 2845 prefectus
829 2781 894 2840 erat,
905 2775 1025 2830 recensio
1037 2781 1099 2830 ante
1109 2777 1228 2846 largitio·

143 2873 211 2918 nem
227 2857 310 2910 fiebat
323 2855 353 2910 in
368 2870 465 2922 campo
475 2852 578 2906 Martio
588 2855 730 2908 nominum
741 2871 842 2922 eomm,
860 2871 929 2924 quos
945 2853 985 2908 fas
996 2859 1055 2908 erat
1065 2871 1161 2924 capere
1172 2855 1227 2910 fru-

142 2940 277 2991 mentum.
313 2934 383 3002 Ejus
395 2932 557 2986 recensionis
565 2933 665 2986 tabulae
674 2934 891 2996 conficiebantur,
910 2949 971 3001 quae
981 2931 1009 2986 in
1021 2932 1226 3004 aedeNympha-

142 3031 206 3069 rum
218 3016 423 3067 usewareutur.
458 3009 512 3065 cle.
518 3027 571 3081 pre
582 3010 679 3066 Milon.
691 3029 746 3083 cap.
757 3015 800 3066 27.
835 3012 905 3064 Sunt
916 3011 961 3079 qui
973 3011 1057 3066 velint
1066 3010 1095 3064 id
1104 3027 1152 3081 per
1162 3027 1226 3066 cen-

144 3111 220 3148 sores
229 3093 287 3146 lieri
297 3092 415 3156 solitum,
426 3089 509 3165 etqui
517 3089 624 3143 tabulas
634 3089 796 3144 recensionis
806 3087 939 3150 Caesarius
950 3090 1093 3160 appellent.
1118 3087 1226 3146 Ooseab

143 3172 183 3226 ud
197 3170 267 3226 Sues
279 3168 336 3225 Μ.
352 3180 406 3240 erp
423 3171 467 3222 41.
484 3168 590 3222 Manat.
607 3169 644 3222 od
659 3167 714 3224 Cic.
730 3167 774 3221 abi
791 3184 878 3238 aspra.
914 3167 968 3222 Sed
986 3183 1033 3221 ecs
1048 3165 1144 3222 refellit
1158 3168 1224 3235 Dio,

143 3250 194 3304 nbi
205 3265 293 3318 supra
1135 3315 1136 3322 ἵ

180 3327 222 3381 Ut
228 3326 366 3380 emulus
372 3325 474 3380 certius
482 3329 673 3390 occurreretur,
683 3325 829 3392 recensitis,
847 3330 876 3379 et
887 3327 915 3379 iu
926 3323 1010 3380 olbam
1021 3323 1161 3394 descriptis
1172 3324 1227 3378 siu·

142 3405 558 3475 gmbdabsoturtesserae‚quss
568 3394 1225 3472 Tesserae-inostenderentfrumentum'accepturi.
1291 3449 1293 3454 ,

142 3481 255 3538 neum
264 3483 295 3536 lit
306 3499 324 3536 a
335 3483 431 3536 Graeco
441 3487 547 3552 sinape,
558 3488 681 3551 quatuor,
693 3481 768 3552 quod
780 3480 890 3535 haberet
899 3486 1014 3549 quatuor
1024 3481 1116 3534 latera.
1152 3479 1226 3532 Nam
1290 3526 1292 3536 ,

142 3563 266 3632 Quum
276 3561 328 3615 fnit
337 3562 491 3630 frustillum,
502 3561 661 3630 oblongum:
673 3561 718 3614 vel
730 3561 799 3612 alius
809 3558 929 3626 cujusvis
937 3559 1039 3627 figura.
1063 3558 1132 3625 Ejus
1139 3558 1225 3612 latera

142 3642 303 3712 mseriptum
314 3639 450 3694 habebant
460 3655 560 3696 nomen
573 3639 722 3703 consulum,
740 3641 770 3690 et
783 3637 849 3690 civis
866 3635 925 3703 ejus
942 3637 986 3690 cui
1005 3636 1135 3700 dabatur;
1152 3635 1226 3690 diem

143 3716 261 3783 mensim
278 3719 363 3774 etbas
371 3719 472 3773 litteras
483 3733 525 3774 sa.
535 3734 592 3785 seu,
603 3731 699 3772 srscr.
710 3717 739 3769 id
751 3720 800 3782 est,
817 3724 942 3787 sprctam
962 3731 1017 3785 quo
1025 3713 1225 3782 significabatur

143 3814 206 3852 um
217 3801 345 3851 tessemm
356 3803 507 3867 spectatam
518 3797 607 3861 fuisse,
626 3812 771 3866 veramque
783 3811 842 3848 eam
854 3809 921 3860 esse,
939 3799 968 3847 et
979 3793 1127 3864 probatam.
1151 3791 1225 3846 Vide

144 3877 251 3932 meo.
263 3875 385 3948 Incript.
395 3877 460 3931 LX.
471 3875 544 3930 class.
554 3875 591 3929 V.
612 3875 682 3930 Sunt
692 3879 784 3928 tamen
795 3874 841 3944 qui
848 3873 897 3926 bas
905 3873 1006 3926 litteras
1017 3872 1224 3941 interpretentur

143 3954 181 4007 de
189 3953 389 4022 gladiatoribus,
396 3955 443 4023 qui
451 3948 565 4024 spectati
572 3953 637 4006 satis
644 3953 711 4007 rude
720 3952 898 4007 donabantur.
916 3951 1003 4019 Sciet.
1016 3951 1083 4005 Noe.
1092 3950 1174 4007 tim.
1181 3951 1223 4006 11.

142 4038 170 4088 d.
186 4033 360 4086 Tesserarum
374 4033 511 4086 schemata
521 4031 632 4085 exhibet
643 4030 744 4086 Menti.
762 4030 852 4103 Antip.
865 4028 938 4085 Tora.
947 4036 973 4086 3.
984 4029 1048 4086 Tab.
1059 4035 1116 4086 186.

179 4110 237 4167 IX.
253 4108 316 4164 Jam
328 4111 363 4163 ad
379 4126 521 4164 numerum
531 4109 728 4180 accipientium,
743 4109 795 4164 boc
809 4115 851 4164 est
868 4110 904 4163 ad
915 4109 980 4163 alias
998 4109 1121 4163 tenebras
1137 4108 1224 4178 pergi-

143 4206 217 4245 mus.
252 4190 355 4244 Censet
371 4189 549 4255 Gestarum,
566 4192 670 4243 certum
688 4191 716 4241 et
733 4188 872 4243 delinitum
890 4205 944 4242 uon
962 4189 1044 4242 fuisse
1059 4193 1121 4242 arte
1137 4188 1225 4256 legem

143 4268 346 4338 Semproniam
364 4272 422 4321 tum
437 4267 503 4337 quia
512 4285 578 4322 rarae
587 4271 617 4321 et
624 4268 735 4321 incertae
748 4272 824 4321 eram
833 4267 995 4335 largitiones,
1006 4271 1065 4318 tum
1076 4265 1140 4334 quia
1150 4279 1223 4316 nnuc

144 4347 319 4416 majoresne
327 4347 414 4401 minor
420 4345 544 4400 frumenti
551 4355 679 4402 uumerus
689 4345 804 4398 Romam
811 4344 1000 4399 advehebatur.
1018 4343 1093 4410 Lege
1101 4338 1223 4402 Gracebi,

143 4426 252 4495 legibus
263 4425 381 4495 Apuleia
392 4429 421 4477 et
432 4424 511 4477 lisia
518 4424 609 4478 dehac
616 4441 645 4477 re
653 4428 766 4477 cautum
777 4421 858 4477 fuisse
865 4423 975 4477 minime
984 4417 1224 4474 estdubitendum:

144 4508 176 4558 at
184 4504 341 4558 earumdem
353 4503 444 4572 legum
452 4503 583 4558 beneficio
593 4507 660 4574 quot
669 4501 832 4572 acceperint,
840 4515 972 4570 nusquam
984 4499 1083 4552 diserte
1094 4494 1225 4562 significa-

182 4595 249 4636 voa.
260 4595 279 4635 1.
654 4585 704 4634 ‘zu
