2992 5017
495 514 818 589 RRAEFAT10.
1160 521 1210 579 ιη’

121 676 291 749 moriones
302 682 337 741 et
351 674 494 743 rariores
507 696 607 762 quam
621 682 660 751 tu
674 674 767 760 velis,
779 674 927 765 ejusdem
937 679 1025 741 note
1040 672 1076 739 ia
1086 672 1215 740 Raeto-⁷
1247 706 1250 712 ¹

120 790 204 868 rica,
228 809 310 876 quas
333 785 558 864 Ciceroniani,
580 800 645 872 quc
662 787 826 870 utebatur,
841 785 985 875 exempli
1000 786 1205 875 marginibus
1329 813 1336 822 ·

119 896 198 983 ipae
212 897 387 974 illeverst;
411 916 476 982 ego
491 891 629 979 pridem,
644 899 718 972 cum
733 896 847 969 Rama
860 920 977 981 emam,
990 898 1160 985 descripsi.

164 1007 323 1073 ,loannes
346 1003 795 1087 Passeratius-Troesmis:
826 1007 896 1091 qui,
918 1016 1050 1079 utferat
1074 1008 1203 1097 Regius

118 1116 342 1205 Eloquentiae
372 1114 556 1198 Professor,
582 1111 728 1201 legendo
755 1112 790 1177 in
818 1113 937 1180 scholis
960 1116 1125 1184 Cicerone
1144 1118 1204 1184 diu

111 1225 345 1312 *exercitatus
369 1244 435 1287 non
458 1223 611 1311 patrosin
628 1244 704 1288 eum
730 1221 907 1310 congessit.
950 1222 1032 1301 Qua
1053 1227 1096 1291 ad
1121 1228 1204 1295 Ora·

120 1336 228 1399 tiones
241 1332 457 1420 pertinebant,
475 1332 614 1421 protulit
638 1334 675 1398 ia
699 1319 807 1399 lucem
830 1332 1011 1403 Gravius:
1041 1353 1114 1418 ego,
1134 1360 1206 1433 ques

122 1440 175 1507 ad
188 1441 424 1531 Philosophiae,
440 1440 593 1509 studiosis
610 1464 677 1534 non
692 1441 858 1509 invidebo.
1231 1443 1234 1450 ’

170 1538 321 1619 Andreas
337 1552 515 1641 Patricius,
528 1552 690 1619 Polonus.
734 1552 932 1640 Fragmenta
947 1549 1122 1617 Ciceronis
1137 1550 1212 1617 dili·

121 1671 244 1750 genter
266 1662 414 1750 collegit,
437 1670 539 1750 atqus
559 1661 620 1727 illa
643 1662 715 1749 ipss
737 1660 834 1727 docte
855 1659 1050 1747 illustravit,
1076 1669 1111 1726 et
1127 1661 1214 1728 Ora-

122 1775 223 1839 tiones
246 1775 327 1841 item
346 1774 488 1862 aliquot.
534 1770 704 1839 Reducem
724 1792 772 1855 ex
794 1770 906 1854 Italia,
934 1772 993 1840 ubi
1021 1779 1151 1839 atatem
1174 1772 1211 1837 in

121 1880 230 1949 literis
245 1891 373 1971 egerat,
386 1882 532 1948 Polonia
546 1882 646 1948 sacris
659 1881 773 1957 infulis
788 1882 986 1958 honestavit.

169 1992 350 2061 Zacharias
366 1992 536 2078 Pesrcius,
552 1991 701 2079 Anglus:
724 1994 784 2081 qul
805 1988 932 2062 teet-ae
947 1994 1088 2061 Oratore
1108 1994 1210 2061 libros
1231 2048 1234 2052 ,

127 2102 325 2186 emendavit,
345 2103 500 2192 notisque
517 2101 710 2183 illustrarit,
726 2124 817 2196 suno
831 2101 1097 2175 M.Dc0.xv1.
1141 2104 1209 2173 Hic

130 2232 212 2277 vero
229 2210 329 2278 laude
349 2212 571 2301 dignissimus,
585 2212 676 2300 quod
689 2212 798 2279 facere
811 2235 887 2280 cum
909 2213 1006 2283 bouis
1020 2223 1210 2303 temperau-

129 2322 285 2410 tibusque
299 2320 434 2389 Criticis
448 2321 577 2406 maluit,
598 2344 696 2409 quam
709 2344 785 2390 cum
805 2322 859 2403 iis,
878 2324 937 2411 qul
951 2324 1101 2393 Tullium
1122 2324 1211 2391 Can-
1275 2352 1278 2355 ⁴

129 2434 281 2521 tabrigiae
305 2442 378 2499 tum
406 2434 565 2499 decorare
590 2432 778 2498 voluerunt.
822 2431 980 2513 Quamvis
999 2434 1086 2502 enim
1108 2434 1211 2503 Bent-

126 2542 228 2609 leium
250 2565 346 2609 suum
369 2543 522 2609 laudibus
552 2541 704 2609 videatur
726 2540 912 2617 edcaelum
941 2542 1118 2627 extollere,
1143 2565 1210 2611 non
1301 2564 1305 2569 ·

125 2652 275 2720 imitatur
290 2662 410 2735 mmen,
432 2673 541 2740 neque
565 2674 710 2740 unquam
735 2650 944 2721 verecundia
968 2654 1050 2719 fines
1071 2653 1211 2721 transit:

127 2763 226 2829 homo
241 2762 438 2829 excellentis
458 2771 497 2827 ut
510 2762 646 2850 ingenii,
668 2762 715 2828 sic
732 2762 864 2850 judicii,
886 2772 923 2829 et
942 2786 965 2831 a
984 2786 1051 2852 quo
1064 2785 1132 2832 aon
1145 2764 1210 2831 nisi

127 2894 245 2961 magns
258 2880 425 2960 expectes.

169 2982 353 3068 Dionysius
378 2980 547 3065 Petavius,
575 2980 837 3065 Aurelianensis,
866 3005 886 3048 e
912 2981 1079 3076 Societate
1108 2984 1208 3051 Jesn.

127 3091 306 3158 Orasbunt
326 3092 413 3157 huno
425 3090 589 3160 delectum
614 3113 665 3175 sa,
679 3110 767 3180 -quae
780 3090 861 3160 olim
879 3091 1062 3167 dictaverat
1085 3093 1119 3159 in
1144 3101 1211 3160 ter·

126 3200 211 3267 tium
233 3204 270 3279 da
286 3200 424 3291 Oratore
446 3202 569 3268 librum
582 3200 635 3269 vir
656 3200 744 3267 ultra
759 3200 933 3279 humanam
955 3212 1076 3269 sortem
1100 3204 1211 3270 crudi·

126 3318 192 3395 tus,
226 3334 300 3377 cum
326 3311 455 3377 dicendi
482 3320 585 3378 artem
607 3312 708 3399 apud„
722 3311 846 3377 Remos
871 3312 1096 3405 profiteretur,
1123 3326 1211 3381 anno

126 3420 327 3489 M-DCJK
378 3420 574 3489 vindicatas
595 3410 643 3487 ab'
662 3420 800 3509 indigna
823 3422 992 3500 oblinione
1014 3422 1145 3492 chartas
1167 3424 1211 3489 ad

127 3552 177 3597 me
191 3533 375 3602 transmisit
398 3532 593 3603 Franoiscus
607 3532 746 3612 Odiuus,
769 3532 915 3620 ejusdem
929 3532 1089 3612 sodalitii,
1110 3534 1212 3601 aomo

129 3661 206 3711 vere
221 3644 440 3728 petavianus,
466 3644 612 3733 antiquis
632 3642 927 3731 imbutusperindc
947 3642 1066 3713 studiis
1080 3665 1120 3713 ac
1142 3666 1211 3712 mo-

128 3748 244 3837 ribus,
264 3775 363 3842 quem
380 3752 515 3842 juvenis
538 3750 789 3840 utmsgistrum
801 3750 913 3851 colui3
929 3749 1093 3839 ¹grandior
1107 3752 1208 3825 habui
1248 3831 1252 3839 ,

127 3859 315 3929 devinctum
326 3863 509 3930 arctissima
523 3862 775 3944 necessitudine,
788 3869 830 3939 st.
841 3862 969 3940 habebo
980 3882 1121 3952 semper.

169 3972 317 4042 Jacobus
338 3972 718 4058 Prusteijssieinusz
741 3974 812 4062 qui,
835 3972 1012 4051 Rhacotis
1027 3976 1122 4063 regio
1136 3977 1207 4045 Lu·

127 4082 235 4153 davici
256 4086 374 4175 Magni
395 4084 550 4173 collegio,
575 4083 773 4163 Rhetoricos
794 4085 1032 4154 omueslibros
1046 4085 1158 4157 edidit
1172 4089 1220 4154 iu>

128 4216 221 4265 usum
239 4197 413 4285 Delphini.
456 4195 506 4271 Ut
527 4196 555 4275 is
574 4198 734 4283 majorum
746 4195 894 4284 gentium
909 4215 975 4271 uon
990 4204 1052 4280 ast,
1078 4198 1126 4266 its
1139 4220 1209 4263 -nec

128 4308 252 4393 quintae
279 4306 412 4373 classis:
441 4304 530 4395 quod
556 4303 719 4393 significat
741 4312 850 4370 mmen
875 4301 1207 4372 Jacobus1⁶Grono

403 4454 414 4481 ⁸
544 4462 795 4515 samanar.
851 4459 854 4464 ’
