2992 5017
265 444 346 509 xviii
640 436 956 545 PRAEFATIO.

267 601 348 684 lant,
372 600 585 686 quaternione
605 576 688 688 opus
713 605 773 663 est.
817 596 950 661 Tenent
974 591 1080 659 media
1103 592 1210 657 omnia
1230 598 1335 680 atque

268 709 374 775 insere
401 710 576 775 ambitiosae
599 709 837 790 annotationes,
861 715 901 772 et
924 706 1099 771 nictantem
1125 704 1246 769 frustra
1267 702 1351 775 lec-.

269 825 373 883 torem
397 817 536 883 eludunt
559 818 722 906 parvitate
748 816 927 882 literarum.
969 814 1052 894 Quis
1076 813 1243 878 enimvero
1267 832 1336 877 non

269 926 476 1005 cohorrescit,
491 935 710 993 commovetur
723 925 850 1007 saltem,
873 905 928 990 ubi
942 924 1134 989 immensum
1147 921 1236 987 videt
1250 918 1337 987 iliud
1405 895 1409 916 ⁸

271 1034 467 1100 scholiorum
482 1035 576 1123 quasi
600 1034 746 1121 pelagus,
768 1032 802 1096 in
824 1054 891 1120 quo
906 1032 1072 1097 demersus
1085 1030 1213 1112 Cicero,
1236 1036 1337 1116 atque

228 1187 230 1199 ·
272 1146 418 1228 obrutus,
442 1145 496 1210 rix
511 1144 604 1210 effert
624 1165 784 1208 summum
798 1141 918 1227 caput?
960 1139 1065 1220 Quam
1081 1139 1276 1219 multisunt,
1301 1137 1337 1201 in

273 1255 390 1342 quibus
405 1254 533 1341 legendi
548 1254 699 1319 ardorem
712 1250 896 1336 restinguat
910 1250 1038 1337 objecta
1056 1248 1117 1312 illa
1128 1245 1338 1333 intelligendi

273 1363 467 1429 difficultas?
510 1363 631 1451 Itaque
643 1384 719 1449 ego,
731 1381 797 1425 nou
812 1367 936 1424 tantum
953 1366 990 1425 ut
1001 1357 1105 1424 oculis
1118 1357 1337 1441 lenocinarer,

273 1474 330 1539 sed
351 1474 455 1540 multo
479 1474 582 1560 magis
605 1459 642 1539 ut
655 1470 811 1539 servirem
832 1468 978 1553 utilitati,
1003 1479 1090 1534 notos
1110 1489 1217 1537 omncs.
1227 1468 1338 1553 rejeci,

274 1582 362 1670 quod
377 1580 712 1665 voluissetGraevius,
734 1584 768 1645 in
776 1584 879 1673 finem
900 1580 1072 1645 librorum:
1094 1578 1153 1643 ubi
1165 1577 1276 1643 nullus
1294 1576 1338 1642 sit

274 1692 459 1757 inveniendi
481 1690 585 1772 tabor,
608 1690 686 1778 quia
708 1689 741 1755 in
767 1692 874 1756 fronte
897 1691 1055 1777 cujusque
1079 1687 1208 1774 pagine
1232 1692 1341 1752 exsta-

273 1804 352 1867 bunt
373 1802 487 1889 grandi
510 1800 748 1888 etaspcctabili
767 1800 876 1888 specie
895 1797 1021 1863 numeri
1044 1796 1232 1884 monitores,
1258 1815 1340 1882 quo-

274 1932 346 1974 rum
361 1931 436 1997 ope,
455 1902 528 1997 quae
542 1910 710 1975 annotatio
732 1908 775 1974 ad
797 1928 893 1996 quem
914 1915 1027 1974 textus
1040 1905 1148 1971 locum
1163 1902 1339 1993 pertineat,

178 2040 181 2047 ·
276 2019 385 2085 statim
401 2018 534 2085 videbis.

314 2126 344 2193 J
346 2133 478 2193 aceaut.¹
502 2126 568 2193 illae
583 2128 727 2196 auctoris
741 2130 915 2195 substratae
928 2128 1038 2195 verbis
1050 2154 1058 2193 :
1086 2126 1233 2216 pelliciet
1245 2134 1280 2192 te
1293 2146 1343 2190 as·

276 2237 491 2324 pectusipse:
512 2234 602 2324 leges
615 2238 746 2303 invitus.
776 2240 881 2327 atqui
892 2237 1035 2305 adeundi
1045 2235 1233 2325 interpretis
1244 2258 1344 2301 unum

173 2362 175 2369 ’
279 2354 406 2434 tempus
427 2354 487 2430 est,
511 2370 582 2413 cum
604 2347 818 2435 expediendae
838 2349 983 2415 auctoris
1001 2346 1168 2412 sententie
1182 2345 1276 2410 uuita
1289 2366 1345 2410 su-

279 2463 390 2543 perest
400 2456 466 2522 alia
477 2458 572 2523 ratio.
602 2456 691 2537 Quid
705 2456 823 2524 Cicero
839 2457 992 2542 voluerit,
1008 2458 1230 2523 Hotomanum
1244 2457 1346 2521 inter-

280 2588 386 2656 rogas,
400 2577 458 2632 aut
471 2567 685 2634 Turnebum:
707 2587 767 2631 cur
780 2588 846 2632 non
860 2566 1052 2633 Ciceronem
1066 2565 1196 2655 potius?
1225 2565 1349 2632 Revol-

280 2678 370 2743 renti
392 2678 509 2743 iterum
531 2684 631 2764 atque
645 2674 744 2740 tertio
759 2674 851 2741 locos
863 2675 1021 2761 difficiles,
1044 2685 1080 2743 et
1097 2675 1166 2741 alia
1182 2698 1255 2741 cum
1273 2673 1348 2741 aliis

280 2790 351 2873 ejus
365 2785 452 2851 dicta
465 2784 658 2865 conferenti,
671 2784 799 2870 aperiet
812 2773 883 2874 ipse
896 2793 986 2853 sese:
1005 2786 1054 2851 ita
1067 2793 1105 2853 ut
1118 2785 1286 2853 Ciceronis
1299 2786 1348 2851 in-

281 2900 457 2980 terpretem
472 2914 543 2958 esse
558 2892 683 2959 nullum
705 2914 862 2980 agnoscas
876 2894 1037 2961 Cicerone
1049 2897 1326 2984 opportuniorem.

287 3042 291 3049 ·
323 3004 381 3069 Aa¹
399 3023 479 3089 ergo
499 3001 594 3088 hujus
615 3022 666 3067 me
684 3001 823 3069 instituti
844 3004 946 3092 piget,
964 3013 1063 3093 atque
1084 3027 1195 3093 operae
1208 3006 1242 3071 in
1261 3028 1347 3072 com·

284 3110 516 3179 menteriorum
529 3110 659 3176 delectu
673 3111 813 3197 positae?
838 3112 995 3179 Nondum
1010 3114 1152 3202 quidem.
1180 3115 1349 3201 Attamen,

283 3222 311 3287 si
332 3242 389 3286 me
413 3220 561 3305 audient,
589 3219 707 3308 quibus
733 3220 904 3289 fruendam
928 3224 1012 3289 banc
1033 3225 1208 3291 editionem
1235 3226 1347 3309 offero,

284 3341 381 3399 eruut
401 3352 473 3397 cum
495 3329 654 3396 Cicerone
673 3330 801 3415 crebro,
824 3354 863 3397 ac
885 3333 960 3414 diu;
994 3356 1082 3421 raro,
1102 3345 1137 3402 et
1156 3357 1255 3424 parce
1274 3358 1348 3401 cum

284 3444 526 3533 interpretibus.

328 3552 454 3639 Restat,
469 3562 506 3620 ut
518 3554 551 3619 iu
565 3552 775 3642 disponendis
789 3558 859 3644 ejus
873 3557 1027 3646 operibus
1041 3559 1144 3626 dicam
1158 3556 1238 3646 quid
1251 3576 1350 3621 ausus

285 3662 354 3729 sim.
397 3664 577 3730 Rhetorica
600 3666 644 3733 ad
667 3665 876 3751 Herennium,
905 3689 978 3754 quae
1003 3667 1156 3735 Ciceroni
1183 3662 1351 3751 abjudicat

286 3772 482 3840 Criticorum
508 3794 694 3858 coenemus,
718 3769 783 3840 alit
803 3785 902 3864 atque
924 3776 983 3843 alii
1007 3776 1125 3842 tribuit
1146 3772 1300 3861 auspicio,
1328 3796 1350 3839 a

285 3881 510 3950 Ciceronianis
524 3886 704 3972 segregavi.
746 3883 821 3951 lliis
834 3886 900 3953 erit
911 3887 1004 3953 locus
1017 3886 1126 3976 aptior
1137 3885 1171 3949 in
1185 3891 1350 3972 postremo

319 4044 326 4075 ¹
342 4045 453 4093 decebant
468 4043 505 4091 bic
516 4052 597 4100 tamam
610 4044 790 4107 quandoquidem
804 4046 839 4095 sio
849 4049 922 4097 risam
934 4048 1044 4110 pluribus.
1076 4045 1139 4105 Quid
1150 4045 1351 4095 eaimtrusmb·

285 4119 375 4176 stiuam.
395 4128 436 4168 sat
446 4120 533 4168 diutius
548 4126 626 4169 matre
641 4128 763 4171 torrentum
781 4123 856 4171 aiut?
887 4125 969 4187 Aptius
985 4132 1029 4181 est,
1047 4126 1109 4186 qaod
1129 4124 1197 4172 babet
1214 4121 1350 4171 Parisiaasts

285 4196 369 4245 editio:
388 4198 446 4258 quod
458 4198 550 4246 babebit
559 4198 611 4256 ists,
627 4200 704 4247 multia
718 4200 810 4249 videtur
822 4201 970 4251 oouodiar.
1001 4201 1047 4250 Sed
1058 4202 1111 4251 loco
1121 4202 1210 4252 novari
1219 4215 1264 4248 roa
1273 4199 1349 4262 potuit

285 4274 472 4332 commentante,
493 4275 546 4340 quia
561 4284 637 4340 partes
653 4278 702 4337 ajat
719 4276 804 4339 aliquas
821 4279 904 4329 mutari
922 4279 1060 4343 opmtoret:
1080 4282 1140 4342 quod
1159 4294 1196 4329 me
1212 4282 1350 4325 monstrante

285 4351 370 4400 tactum
380 4360 423 4408 est,
439 4366 482 4399 aon
493 4358 578 4401 tentam
589 4354 734 4417 approbante.
